@inproceedings{bao2016shooting,
  title={Shooting a moving target: Motion-prediction-based transmission for 360-degree videos},
  author={Bao, Yanan and Wu, Huasen and Zhang, Tianxiao and Ramli, Albara Ah and Liu, Xin},
  booktitle={Big Data (Big Data), 2016 IEEE International Conference on},
  pages={1161--1170},
  year={2016},
  organization={IEEE}
}

@article{tzavidas2005multicamera,
  title={A multicamera setup for generating stereo panoramic video},
  author={Tzavidas, Stavros and Katsaggelos, Aggelos K},
  journal={IEEE Transactions on multimedia},
  volume={7},
  number={5},
  pages={880--890},
  year={2005},
  publisher={IEEE}
}

@inproceedings{fehn2006creation,
  title={Creation of high-resolution video panoramas of sport events},
  author={Fehn, Christoph and Weissig, Christian and Feldmann, Ingo and Muller, Markus and Eisert, Peter and Kauff, Peter and BloB, Hans},
  booktitle={Multimedia, 2006. ISM'06. Eighth IEEE International Symposium on},
  pages={291--298},
  year={2006},
  organization={IEEE}
}

@article{sun2005region,
  title={Region of interest extraction and virtual camera control based on panoramic video capturing},
  author={Sun, Xinding and Foote, Jonathan and Kimber, Don and Manjunath, BS},
  journal={IEEE Transactions on Multimedia},
  volume={7},
  number={5},
  pages={981--990},
  year={2005},
  publisher={IEEE}
}

@article{xu2013panoramic,
  title={{Panoramic video stitching from commodity HDTV cameras}},
  author={Xu, Wei and Mulligan, Jane},
  journal={Multimedia systems},
  volume={19},
  number={5},
  pages={407--426},
  year={2013},
  publisher={Springer}
}

@inproceedings{majumder1999immersive,
  title={Immersive teleconferencing: a new algorithm to generate seamless panoramic video imagery},
  author={Majumder, Aditi and Seales, W Brent and Gopi, M and Fuchs, Henry},
  booktitle={Proceedings of the seventh ACM international conference on Multimedia (Part 1)},
  pages={169--178},
  year={1999},
  organization={ACM}
}

@inproceedings{perazzi2015panoramic,
  title={Panoramic video from unstructured camera arrays},
  author={Perazzi, Federico and Sorkine-Hornung, Alexander and Zimmer, Henning and Kaufmann, Peter and Wang, Oliver and Watson, S and Gross, M},
  booktitle={Computer Graphics Forum},
  volume={34},
  number={2},
  pages={57--68},
  year={2015},
  organization={Wiley Online Library}
}

@article{hosseini2016adaptive,
  title={Adaptive 360 VR Video Streaming: Divide and Conquer!},
  author={Hosseini, Mohammad and Swaminathan, Viswanathan},
  journal={arXiv preprint arXiv:1609.08729},
  year={2016}
}

@inproceedings{sreedhar2016viewport,
  title={Viewport-Adaptive Encoding and Streaming of 360-Degree Video for Virtual Reality Applications},
  author={Sreedhar, Kashyap Kammachi and Aminlou, Alireza and Hannuksela, Miska M and Gabbouj, Moncef},
  booktitle={Multimedia (ISM), 2016 IEEE International Symposium on},
  pages={583--586},
  year={2016},
  organization={IEEE}
}

@inproceedings{grunheit2002efficient,
  title={Efficient representation and interactive streaming of high-resolution panoramic views},
  author={Grunheit, Carsten and Smolic, Aljoscha and Wiegand, Thomas},
  booktitle={Image Processing. 2002. Proceedings. 2002 International Conference on},
  volume={3},
  pages={III--III},
  year={2002},
  organization={IEEE}
}

@inproceedings{li2016novel,
  title={Novel tile segmentation scheme for omnidirectional video},
  author={Li, Jisheng and Wen, Ziyu and Li, Sihan and Zhao, Yikai and Guo, Bichuan and Wen, Jiangtao},
  booktitle={Image Processing (ICIP), 2016 IEEE International Conference on},
  pages={370--374},
  year={2016},
  organization={IEEE}
}

@article{lee2016rich360,
  title={Rich360: optimized spherical representation from structured panoramic camera arrays},
  author={Lee, Jungjin and Kim, Bumki and Kim, Kyehyun and Kim, Younghui and Noh, Junyong},
  journal={ACM Transactions on Graphics (TOG)},
  volume={35},
  number={4},
  pages={63},
  year={2016},
  publisher={ACM}
}

@article{rondao2012interactive,
  title={Interactive Omnidirectional Video Delivery: A Bandwidth-Effective Approach},
  author={Rondao Alface, Patrice and Macq, Jean-Fran{\c{c}}ois and Verzijp, Nico},
  journal={Bell Labs Technical Journal},
  volume={16},
  number={4},
  pages={135--147},
  year={2012},
  publisher={Wiley Online Library}
}

@article{gaddam2016tiling,
  title={Tiling in Interactive Panoramic Video: Approaches and Evaluation},
  author={Gaddam, Vamsidhar Reddy and Riegler, Michael and Eg, Ragnhild and Griwodz, Carsten and Halvorsen, P{\aa}l},
  journal={IEEE Transactions on Multimedia},
  volume={18},
  number={9},
  pages={1819--1831},
  year={2016},
  publisher={IEEE}
}

@inproceedings{qian2016optimizing,
  title={Optimizing 360 video delivery over cellular networks},
  author={Qian, Feng and Ji, Lusheng and Han, Bo and Gopalakrishnan, Vijay},
  booktitle={Proceedings of the 5th Workshop on All Things Cellular: Operations, Applications and Challenges},
  pages={1--6},
  year={2016},
  organization={ACM}
}

@inproceedings{kreuzberger2015svc,
  title={{A Scalable Video Coding Dataset and Toolchain for Dynamic Adaptive Streaming over HTTP}},
  author={Christian Kreuzberger and Daniel Posch and Hermann Hellwagner},
  booktitle={MMSys},
  year={2015}
}

@inproceedings{zhou2017measurement,
  title={{A Measurement Study of Oculus 360 Degree Video Streaming}},
  author={Zhou, Chao and Li, Zhenhua and Liu, Yao},
  booktitle={MMSys},
  year={2017}
}

@InProceedings{jiang2017power360,
  author = 	 {Nan Jiang and Viswanathan Swaminathan and Sheng Wei},
  title = 	 {{Power Evaluation of 360 VR Video Streaming on Head Mounted Display Devices}},
  booktitle = {MMSys},
  year = 	 2017,
}

@InProceedings{graf2017towards,
  author = 	 {Mario Graf and Christian Timmerer and Christopher Mueller},
  title = 	 {{Towards Bandwidth Efficient Adaptive Streaming of Omnidirectional Video over HTTP: Design, Implementation, and Evaluation}},
  booktitle = {MMSys},
  year = 	 2017,
}

@InProceedings{fan2017fixation,
  author = 	 {Ching-Ling Fan and Jean Lee and Wen-Chih Lo and Chun-Ying Huang and Kuan-Ta Chen and Cheng-Hsin Hsu},
  title = 	 {{Fixation Prediction for 360\DEG Video Streaming in Head-Mounted Virtual Reality}},
  booktitle = {MMSys},
  year = 	 2017,
}

@Misc{vr_future_of_mobile_video,
    title = {{The future of mobile video is virtual reality}},
  howpublished = {\url{https://techcrunch.com/2016/08/30/the-future-of-mobile-video-is-virtual-reality/}}
}

@inproceedings{zare2016hevc,
  title={{HEVC-compliant Tile-based Streaming of Panoramic Video for Virtual Reality Applications}},
  author={Zare, Alireza and Aminlou, Alireza and Hannuksela, Miska M and Gabbouj, Moncef},
  booktitle={Proceedings of the 2016 ACM on Multimedia Conference},
  pages={601--605},
  year={2016},
  organization={ACM}
}

@inproceedings{bao2017motion,
  title={Motion-Prediction-Based Multicast for 360-Degree Video Transmissions},
  author={Bao, Yanan and Zhang, Tianxiao and Pande, Amit and Wu, Huasen and Liu, Xin},
  booktitle={SECON 2017},
  pages={1--9},
  year={2017},
  organization={IEEE}
}

@article{sullivan2012overview,
  title={{Overview of the high efficiency video coding (HEVC) standard}},
  author={Sullivan, Gary J and Ohm, Jens and Han, Woo-Jin and Wiegand, Thomas},
  journal={IEEE Transactions on circuits and systems for video technology},
  volume={22},
  number={12},
  pages={1649--1668},
  year={2012},
  publisher={IEEE}
}

@misc{svcrelease,
	title =    {{Joint Video Team (JVT) of ISO/IEC MPEG \& ITU-T VCEGg, 24th Meeting}},
	year =     {Jun-Jul 2007},
	howpublished = {\url{http://ip.hhi.de/imagecom_G1/savce/downloads/H.264-MPEG4-AVC-Version8-FinalDraft.pdf}},
}

@misc{equirectangular,
  title = {{Equirectangular Projection}},
  howpublished = {\url{https://en.wikipedia.org/wiki/Equirectangular_projection}},
}

@inproceedings{bao2013your,
  title={Your reactions suggest you liked the movie: Automatic content rating via reaction sensing},
  author={Bao, Xuan and Fan, Songchun and Varshavsky, Alexander and Li, Kevin and Roy Choudhury, Romit},
  booktitle={UbiComp 2013},
  pages={197--206},
  year={2013},
  organization={ACM}
}


@Misc{cisco_video,
    title =     {{Cisco: IP traffic shoots up to 3 zettabytes by 2021, video will be 80\% of it}},
  howpublished = {\url{https://goo.gl/MwAUnQ}}
}

@Misc{mobile-vs-desktop-video,
    title =     {{Mobile vs Desktop Video: How do they compare?}},
  howpublished = {\url{https://www.linkedin.com/pulse/mobile-vs-desktop-video-how-do-compare-freddie-benjamin}}
}

@inproceedings{zhu99,
 author = {Zhigang Zhu and Guangyou Xu and Edward M. Riseman and Allen R. Hanson},
 title = {{Fast generation of dynamic and multi-resolution 360\DEG panorama from video sequences}},
 booktitle = {IEEE Intl. Conf. on Multimedia Computing and Systems},
 year = {1999},
}

@TechReport{szeliski06,
  author = 	 {Richard Szeliski},
  title = 	 {{Image Alignment and Stitching: A Tutorial}},
  institution =  {Microsoft Research},
  number = 	 {MSR-TR-2004-92},
  year = {2004},
}


@Misc{cube_map,
  title = {{Under the hood: Building 360 video}},
  howpublished = {\url{https://code.facebook.com/posts/1638767863078802}}
}

@Misc{pyramid_projection,
    title = {{Next-generation video encoding techniques for 360 video and VR}},
  howpublished = {\url{https://goo.gl/pNArPy}}
}


@article{sodagar2011mpeg,
  title={{The MPEG-DASH standard for multimedia streaming over the Internet}},
  author={Sodagar, Iraj},
  journal={IEEE MultiMedia},
  volume={18},
  number={4},
  pages={62--67},
  year={2011},
  publisher={IEEE}
}

@inproceedings{ha2014towards,
  title={Towards wearable cognitive assistance},
  author={Ha, Kiryong and Chen, Zhuo and Hu, Wenlu and Richter, Wolfgang and Pillai, Padmanabhan and Satyanarayanan, Mahadev},
  booktitle={Proceedings of the 12th annual international conference on Mobile systems, applications, and services},
  pages={68--81},
  year={2014},
  organization={ACM}
}

@InProceedings{balachandran2013qoe,
  author =       {Athula Balachandran and Vyas Sekar and Aditya Akella and Srinivasan Seshan and Ion Stoica and Hui Zhang},
  title =        {{Developing a Predictive Model of Quality of Experience for Internet Video}},
  booktitle = {SIGCOMM},
  year =         2013,
}

@InProceedings{mukerjee2015live,
  author =       {Matthew K. Mukerjee and David Naylor and Junchen Jiang and Dongsu Han and Srinivasan Seshan and Hui Zhang},
  title =        {{Practical, Real-time Centralized Control for CDN-based Live Video Delivery}},
  booktitle = {SIGCOMM},
  year =         2015,
}

@inproceedings{jiang2012improving,
  title={Improving fairness, efficiency, and stability in http-based adaptive video streaming with festive},
  author={Jiang, Junchen and Sekar, Vyas and Zhang, Hui},
  booktitle={Proceedings of the 8th international conference on Emerging networking experiments and technologies},
  pages={97--108},
  year={2012},
  organization={ACM}
}

@article{huang2015buffer,
  title={A buffer-based approach to rate adaptation: Evidence from a large video streaming service},
  author={Huang, Te-Yuan and Johari, Ramesh and McKeown, Nick and Trunnell, Matthew and Watson, Mark},
  journal={ACM SIGCOMM Computer Communication Review},
  volume={44},
  number={4},
  pages={187--198},
  year={2015},
  publisher={ACM}
}

@article{yin2015CCR,
  title={A control-theoretic approach for dynamic adaptive video streaming over http},
  author={Yin, Xiaoqi and Jindal, Abhishek and Sekar, Vyas and Sinopoli, Bruno},
  journal={ACM SIGCOMM Computer Communication Review},
  volume={45},
  number={4},
  pages={325--338},
  year={2015},
  publisher={ACM}
}

@Misc{mptcp,
  title = {{Multipath TCP in the Linux Kernel}},
  howpublished = {\url{http://www.multipath-tcp.org}}
}

@article{flach2013reducing,
  title={Reducing web latency: the virtue of gentle aggression},
  author={Flach, Tobias and Dukkipati, Nandita and Terzis, Andreas and Raghavan, Barath and Cardwell, Neal and Cheng, Yuchung and Jain, Ankur and Hao, Shuai and Katz-Bassett, Ethan and Govindan, Ramesh},
  journal={ACM SIGCOMM Computer Communication Review},
  volume={43},
  number={4},
  pages={159--170},
  year={2013},
  publisher={ACM}
}

@Misc{360-camera-with-lte,
    title = {{Holo 360-degree Camera with Integrated 4G LTE}},
    howpublished = {\url{http://www.anandtech.com/show/11303/acer-announces-holo-360-camera-with-4g-lte}}
}

@Misc{google_cardboard,
    title = {{Google Cardboard}},
  howpublished = {\url{https://vr.google.com/cardboard/index.html}}
}

@Misc{youtube_equirectangular,
    title = {{YouTube live in 360 degrees encoder settings}},
  howpublished = {\url{https://support.google.com/youtube/answer/6396222}}
}

@Misc{mitmproxy,
    title = {{The mitmproxy}},
  howpublished = {\url{https://mitmproxy.org/}}
}

@Misc{rtmp,
    title = {{Real-Time Messaging Protocol (RTMP) specification}},
  howpublished = {\url{http://www.adobe.com/devnet/rtmp.html}}
}

@inproceedings{wang2016anatomy,
  title={Anatomy of a personalized livestreaming system},
  author={Wang, Bolun and Zhang, Xinyi and Wang, Gang and Zheng, Haitao and Zhao, Ben Y},
  booktitle={Proceedings of the 2016 ACM on Internet Measurement Conference},
  pages={485--498},
  year={2016},
  organization={ACM}
}

@inproceedings{mangiante2017vr,
  title={VR is on the Edge: How to Deliver 360° Videos in Mobile Networks},
  author={Mangiante, Simone and Klas, Guenter and Navon, Amit and GuanHua, Zhuang and Ran, Ju and Silva, Marco Dias},
  booktitle={Proceedings of the Workshop on Virtual Reality and Augmented Reality Network},
  pages={30--35},
  year={2017},
  organization={ACM}
}

@inproceedings{duanmu2017prioritized,
  title={Prioritized Buffer Control in Two-tier 360 Video Streaming},
  author={Duanmu, Fanyi and Kurdoglu, Eymen and Hosseini, S Amir and Liu, Yong and Wang, Yao},
  booktitle={Proceedings of the Workshop on Virtual Reality and Augmented Reality Network},
  pages={13--18},
  year={2017},
  organization={ACM}
}

@inproceedings{corbillon2017viewport,
  title={Viewport-adaptive navigable 360-degree video delivery},
  author={Corbillon, Xavier and Simon, Gwendal and Devlic, Alisa and Chakareski, Jacob},
  booktitle={Communications (ICC), 2017 IEEE International Conference on},
  pages={1--7},
  year={2017},
  organization={IEEE}
}

@inproceedings{xie2017poi360,
  title={POI360: Panoramic Mobile Video Telephony over LTE Cellular Networks},
  author={Xie, Xiufeng and Zhang, Xinyu},
  booktitle={Proceedings of the 13th International Conference on emerging Networking EXperiments and Technologies},
  pages={336--349},
  year={2017},
  organization={ACM}
}

@inproceedings{petrangeli2017http,
    title = {{An HTTP/2-based adaptive streaming framework for 360{\DEG} virtual reality videos}},
    author = {Petrangeli, Stefano and Swaminathan, Viswanathan and Hosseini, Mohammad and De Turck, Filip},
    booktitle = {Proceedings of MM 2017},
    pages = {1--9},
    year = {2017},
    organization = {ACM}
}

@inproceedings{xie2017360probdash,
    title = {{360ProbDASH: Improving QoE of 360 Video Streaming Using Tile-based HTTP Adaptive Streaming}},
    author = {Xie, Lan and Xu, Zhimin and Ban, Yixuan and Zhang, Xinggong and Guo, Zongming},
    booktitle = {Proceedings of MM 2017},
    pages = {315--323},
    year = {2017},
    organization = {ACM}
}

@inproceedings{liu2017360,
  title={360 Innovations for Panoramic Video Streaming},
  author={Liu, Xing and Xiao, Qingyang and Gopalakrishnan, Vijay and Han, Bo and Qian, Feng and Varvello, Matteo},
  booktitle={Proceedings of the 16th ACM Workshop on Hot Topics in Networks},
  pages={50--56},
  year={2017},
  organization={ACM}
}

@inproceedings{flare_mobicom18,
    title = {{Flare: Practical Viewport-Adaptive 360-Degree Video Streaming for Mobile Devices}},
    author = {Feng Qian and Bo Han and Qingyang Xiao and Vijay Gopalakrishnan},
    booktitle = {ACM MobiCom},
    year = {2018},
}

