@Misc{insta360,
  title = {{Insta360}},
  howpublished = {\url{https://www.insta360.com/}}
}

@Misc{mitm,
	title = {{Mitmproxy}},
	howpublished = {\url{https://mitmproxy.org/}}
}

@Misc{rtmpdump,
	title = {{RTMPDump}},
	howpublished = {\url{https://rtmpdump.mplayerhq.hu/}}
}

@Misc{cardboard,
	title = {{Google Cardboard}},
	howpublished = {\url{https://vr.google.com/cardboard/}}
}

@Misc{gear,
	title = {{Sumsang Gear VR}},
	howpublished = {\url{http://www.samsung.com/global/galaxy/gear-vr/}}
}

@Misc{mturk,
        title = {{Amazon Mechanical Turk}},
        howpublished = {\url{https://www.mturk.com}}
}

@inproceedings{deng2017internet,
  title     = {Internet scale user-generated live video streaming: The Twitch case},
  author    = {Deng, Jie and Tyson, Gareth and Cuadrado, Felix and Uhlig, Steve},
  booktitle = {PAM},
  year      = {2017}
 }

 @inproceedings{pires2015youtube,
  title     = {YouTube live and Twitch: a tour of user-generated live streaming systems},
  author    = {Pires, Karine and Simon, Gwendal},
  booktitle = {MMSys},
  year      = {2015}
}

@inproceedings{zhang2015crowdsourced,
  title     = {On crowdsourced interactive live streaming: a Twitch. tv-based measurement study},
  author    = {Zhang, Cong and Liu, Jiangchuan},
  booktitle = {NOSSDAV},
  year      = {2015},
  }

@inproceedings{afzal2017characterization,
  title     = {Characterization of 360-degree Videos},
  author    = {Afzal, Shahryar and Chen, Jiasi and Ramakrishnan, KK},
  booktitle = {VR/AR Network},
  year      = {2017},
 }

@inproceedings{ma2018web,
  title     = {{Web-Based VR Experiments Powered by the Crowd}},
  author    = { Ma, Xiao and Cackett, Megan and Park, Leslie and Chien, Eric and Naaman, Mor},
  booktitle = {WWW},
  year      = {2018}
}


@InProceedings{feng16,
  author    = {Feng Qian and Bo Han and Lusheng Ji and Vijay Gopalakrishnan},
  title     = {{Optimizing 360 Video Delivery Over Cellular Networks}},
  booktitle = {All Things Cellular},
  year      = 2016
}

@InProceedings{wang16,
	author    = {Bolun Wang and Xinyi Zhang and Gang Wang and Haitao Zheng and Ben Y. Zhao},
	title     = {{Anatomy of a Personalized Livestreaming System}},
	booktitle = {IMC},
	year      = 2016
}

@InProceedings{siekkinen16,
	author    = {Matti Siekkinen and Enrico Masala and Teemu Kamarainen},
	title     = {{A First Look at Quality of Mobile Live Streaming Experience: the Case of Periscope}},
	booktitle = {IMC},
	year      = 2016
}

@InProceedings{duanmu16,
	author    = {F. Duanmu, E. Kurdoglu, A. Hosseini, Y. Liu and Y. Wang},
	title     = {{Prioritized Buffer Control in Two-Tier 360 Video Streaming}},
	booktitle = {ACM SigComm Workshop},
	year      = 2017
}

@InProceedings{svc,
	author    = {Schwarz, Heiko, Detlev Marpe, and Thomas Wiegand},
	title     = {{Overview of the scalable video coding extension of the H. 264/AVC standard}},
	booktitle = {IEEE Transactions on circuits and systems for video technology},
	year      = 2007
}

@InProceedings{svcHTTP,
	author    = {Christian Kreuzberger, Daniel Posch, and Hermann Hellwagner},
	title     = {{A scalable video coding dataset and toolchain for dynamic adaptive streaming over HTTP}},
	booktitle = {Proceedings of the 6th ACM Multimedia Systems Conference},
	year      = 2015
}

@InProceedings{char360,
	author    = {Shahryar Afzal and Jiasi Chen and K. K. Ramakrishnan},
	title     = {{Characterization of 360-degree Videos}},
	booktitle = {ACM SIGCOMM Workshop on Virtual Reality and Augmented Reality Network},
	year      = 2017
}

@InProceedings{luca08,
	author    = {Luca De Cicco, Saverio Mascolo, and Vittorio Palmisano},
	title     = {{Skype video responsiveness to bandwidth variations}},
	booktitle = {Proceedings of the 18th International Workshop on Network and Operating Systems Support for Digital Audio and Video},
	year      = 2008
}

@InProceedings{dario07,
	author    = {Dario Bonfiglio, Marco Mellia, Michela Meo, Dario Rossi, and Paolo Tofanelli},
	title     = {{Revealing Skype Traffic: when randomness plays with you}},
	booktitle = {ACM SIGCOMM},
	year      = 2007
}

@InProceedings{chen06,
	author    = {Kuan-Ta Chen, Chun-Ying Huang, Polly Huang, and Chin-Laung Lei},
	title     = {{Quantifying Skype User Satisfaction}},
	booktitle = {ACM SIGCOMM},
	year      = 2006
}

@InProceedings{kreuzb15,
	author    = {Christian Kreuzberger, Daniel Posch, and Hermann Hellwagner},
	title     = {{A Scalable Video Coding Dataset and Toolchain for Dynamic Adaptive Streaming over HTTP}},
	booktitle = {MMSys},
	year      = 2015
}

@InProceedings{raca18beyond,
	author    = {Darijo Raca and Jason J. Quinlan and Ahmed H. Zahran and and Cormac J. Sreenan},
	title     = {{Beyond Throughput: a 4G LTE Dataset with Channel and Context Metrics}},
	booktitle = {MMSys},
	year      = 2018
}

@Misc{obs,
    title = {{Open Broadcaster Software}},
  howpublished = {\url{https://obsproject.com/}}
}

@Misc{html_video_dom,
    title = {{HTML Audio/Video DOM Reference}},
  howpublished = {\url{https://www.w3schools.com/tags/ref_av_dom.asp}}
}

@Misc{tesseract-ocr,
    title = {{Tesseract-OCR}},
  howpublished = {\url{https://github.com/tesseract-ocr/tesseract}}
}

@Misc{testmy.net,
    title = {{testmy.net -- Internet Speed Test}},
  howpublished = {\url{https://testmy.net/}}
}


@inproceedings{yin2015control,
    title = {{A control-theoretic approach for dynamic adaptive video streaming over HTTP}},
    author = {Yin, Xiaoqi and Jindal, Abhishek and Sekar, Vyas and Sinopoli, Bruno},
    booktitle = {Proceedings of { SIGCOMM } 2015},
    pages = {325--338},
    year = {2015},
    organization = {ACM}
}

@inproceedings{mao2017neural,
    title = {{ Neural Adaptive Video Streaming with Pensieve }},
    author = {Mao, Hongzi and Netravali, Ravi and Alizadeh, Mohammad},
    booktitle = {Proceedings of { SIGCOMM } 2017},
    pages = {197--210},
    year = {2017},
    organization = {ACM}
}

@inproceedings{li2011measurement,
  title={Measurement and analysis of a large scale commercial mobile internet tv system},
  author={Li, Yuheng and Zhang, Yiping and Yuan, Ruixi},
  booktitle={Proceedings of the 2011 ACM SIGCOMM conference on Internet measurement conference},
  pages={209--224},
  year={2011},
  organization={ACM}
}

@inproceedings{sripanidkulchai2004analysis,
  title={An analysis of live streaming workloads on the internet},
  author={Sripanidkulchai, Kunwadee and Maggs, Bruce and Zhang, Hui},
  booktitle={Proceedings of the 4th ACM SIGCOMM conference on Internet measurement},
  pages={41--54},
  year={2004},
  organization={ACM}
}

@inproceedings{silverston2007measuring,
  title={{Measuring P2P IPTV Systems}},
  author={Silverston, Thomas and Fourmaux, Olivier},
  booktitle={Proceedings of NOSSDAV},
  year={2007}
}

@article{hei2007measurement,
  title={A measurement study of a large-scale P2P IPTV system},
  author={Hei, Xiaojun and Liang, Chao and Liang, Jian and Liu, Yong and Ross, Keith W},
  journal={IEEE transactions on multimedia},
  volume={9},
  number={8},
  pages={1672--1687},
  year={2007},
  publisher={IEEE}
}

@inproceedings{kaytoue2012watch,
  title={Watch me playing, i am a professional: a first study on video game live streaming},
  author={Kaytoue, Mehdi and Silva, Arlei and Cerf, Lo{\"\i}c and Meira Jr, Wagner and Ra{\"\i}ssi, Chedy},
  booktitle={Proceedings of the 21st International Conference on World Wide Web},
  pages={1181--1188},
  year={2012},
  organization={ACM}
}

@inproceedings{hamilton2014streaming,
  title={Streaming on twitch: fostering participatory communities of play within live mixed media},
  author={Hamilton, William A and Garretson, Oliver and Kerne, Andruid},
  booktitle={Proceedings of the SIGCHI Conference on Human Factors in Computing Systems},
  pages={1315--1324},
  year={2014},
  organization={ACM}
}

@inproceedings{tang2016meerkat,
  title={Meerkat and periscope: I stream, you stream, apps stream for live streams},
  author={Tang, John C and Venolia, Gina and Inkpen, Kori M},
  booktitle={Proceedings of the 2016 CHI Conference on Human Factors in Computing Systems},
  pages={4770--4780},
  year={2016},
  organization={ACM}
}

@article{duanmu2017qoe,
  title={{A Quality-of-Experience Index for Streaming Video}},
  author={Zhengfang Duanmu and Kai Zeng and Kede Ma and Abdul Rehman and Zhou Wang},
  journal={IEEE Journal of Selected Topics in Signal Processing},
  volume={11},
  number={1},
  pages={154--166},
  year={2017}
}

@article{moorthy2012qoe,
  title={{Video Quality Assessment on Mobile Devices: Subjective, Behavioral and Objective Studies}},
  author={Anush Krishna Moorthy and Lark Kwon Choi and Alan Conrad Bovik and Gustavo de Veciana},
  journal={IEEE Journal of Selected Topics in Signal Processing},
  volume={6},
  number={6},
  pages={652--671},
  year={2012}
}

@InProceedings{qi06qoe,
  author    = {Yining Qi and Mingyuan Dai},
  title     = {{The Effect of Frame Freezing and Frame Skipping on Video Quality}},
  booktitle = {International Conference on Intelligent Information Hiding and Multimedia Signal Processing},
  year      = 2006
}

@inproceedings{dimopoulos2015identifying,
  title={Identifying the root cause of video streaming issues on mobile devices},
  author={Dimopoulos, Giorgos and Leontiadis, Ilias and Barlet-Ros, Pere and Papagiannaki, Konstantina and Steenkiste, Peter},
  booktitle={Proceedings of the 11th ACM Conference on Emerging Networking Experiments and Technologies},
  year={2015},
}
