@misc{vr_gaming,
	Howpublished = {{\url{https://www.logicalincrements.com/articles/vrguide}}},
	Title = {{How to Build a PC for Virtual Reality}}
}

@misc{motionsickness,
	Howpublished = {\url{https://www.qualcomm.com/news/onq/2016/06/29/keeping-virtual-world-stable-vr}},
	Title = {{Keeping the virtual world stable in VR}}}

@misc{triphazard,
	Howpublished = {\url{https://www.cnn.com/2017/12/13/health/virtual-reality-vr-dangers-safety/index.html}},
	Title = {{The very real health dangers of virtual reality}}}

@misc{byodref,
	Howpublished = {\url{https://www.forbes.com/sites/larryalton/2017/03/27/how-important-is-a-byod-policy-5-strategies-for-millennials/}},
	Title = {{BYOD Popularity}}}

@misc{vr-controller,
	Howpublished = {\url{https://www.amazon.com/VR-Bluetooth-Controller-Kasonic-Smartphones/dp/B01E7Z72NQ/}},
	Title = {{Bluetooth VR controller}}}

@misc{samsung-gear-vr,
	Howpublished = {\url{https://www.samsung.com/global/galaxy/gear-vr/}},
	Title = {{Samsung Gear VR}}}

@misc{google-cardboard,
	Howpublished = {\url{https://vr.google.com/cardboard/}},
	Title = {{Google Cardboard}}}

@Misc{amt,
	title = {{Amazon Mechanical Turk.}},
	howpublished = {\url{https://www.mturk.com}}
}

@Misc{vr_adoption,
	title = {{VR adoption grows to 11-percent among all US adults.}},
	howpublished = {\url{https://today.yougov.com/topics/technology/articles-reports/2019/03/20/after-brief-pause-vr-adoption-grows-11-among-all-u}},
	year = {2019}
}

@Misc{smartwatch_popular,
	title = {{Smartwatches now more popular than Swiss watches.}},
	howpublished = {\url{https://www.cnet.com/news/smartwatches-now-more-popular-than-swiss-watches\\-thanks-largely-to-apple/}},
	year = {2018}
}

@inproceedings{li2018muvr,
	title={MUVR: Supporting multi-user mobile virtual reality with resource constrained edge cloud},
	author={Li, Yong and Gao, Wei},
	booktitle={2018 IEEE/ACM Symposium on Edge Computing (SEC)},
	pages={1--16},
	year={2018},
	organization={IEEE}
}

@inproceedings{deng2017internet,
	title={Internet scale user-generated live video streaming: The Twitch case},
	author={Deng, Jie and Tyson, Gareth and Cuadrado, Felix and Uhlig, Steve},
	booktitle={International Conference on Passive and Active Network Measurement},
	pages={60--71},
	year={2017},
	organization={Springer}
}

@inproceedings{tan2018vr,
	title = {{Enabling Mobile VR in LTE Networks: How Close Are We?}},
	author = {Zhaowei Tan and Yuanjie Li and Qianru Li and Zhehui Zhang and Zhehan Li and Songwu Lu},
	booktitle = {Proceedings of SIGMETRICS 2018},
	year = {2018},
	organization = {ACM}
}

@inproceedings{liu2018cutting,
	title={Cutting the cord: Designing a high-quality untethered vr system with low latency remote rendering},
	author={Liu, Luyang and Zhong, Ruiguang and Zhang, Wuyang and Liu, Yunxin and Zhang, Jiansong and Zhang, Lintao and Gruteser, Marco},
	booktitle={Proceedings of the 16th Annual International Conference on Mobile Systems, Applications, and Services},
	pages={68--80},
	year={2018},
	organization={ACM}
}

@inproceedings{abari2017enabling,
	title={Enabling high-quality untethered virtual reality},
	author={Abari, Omid and Bharadia, Dinesh and Duffield, Austin and Katabi, Dina},
	booktitle={14th $\{$USENIX$\}$ Symposium on Networked Systems Design and Implementation ($\{$NSDI$\}$ 17)},
	pages={531--544},
	year={2017}
}

@inproceedings{abari2016cutting,
	title={Cutting the cord in virtual reality},
	author={Abari, Omid and Bharadia, Dinesh and Duffield, Austin and Katabi, Dina},
	booktitle={Proceedings of the 15th ACM Workshop on Hot Topics in Networks},
	pages={162--168},
	year={2016},
	organization={ACM}
}

@inproceedings{boos2016flashback,
	title={Flashback: Immersive virtual reality on mobile devices via rendering memoization},
	author={Boos, Kevin and Chu, David and Cuervo, Eduardo},
	booktitle={Proceedings of the 14th Annual International Conference on Mobile Systems, Applications, and Services},
	pages={291--304},
	year={2016},
	organization={ACM}
}

@inproceedings{qiu2018avr,
	title={AVR: Augmented vehicular reality},
	author={Qiu, Hang and Ahmad, Fawad and Bai, Fan and Gruteser, Marco and Govindan, Ramesh},
	booktitle={Proceedings of the 16th Annual International Conference on Mobile Systems, Applications, and Services},
	pages={81--95},
	year={2018},
	organization={ACM}
}

@inproceedings{ran2019sharear,
	title={ShareAR: Communication-Efficient Multi-User Mobile Augmented Reality},
	author={Ran, Xukan and Slocum, Carter and Gorlatova, Maria and Chen, Jiasi},
	booktitle={Proceedings of the 18th ACM Workshop on Hot Topics in Networks},
	pages={109--116},
	year={2019}
}

@inproceedings{zhang2018cars,
	title={CARS: collaborative augmented reality for socialization},
	author={Zhang, Wenxiao and Han, Bo and Hui, Pan and Gopalakrishnan, Vijay and Zavesky, Eric and Qian, Feng},
	booktitle={Proceedings of the 19th International Workshop on Mobile computing Systems \& Applications},
	pages={25--30},
	year={2018},
	organization={ACM}
}

@inproceedings{liu2019supporting,
	title={Supporting untethered multi-user VR over enterprise wi-fi},
	author={Liu, Xing and Vlachou, Christina and Qian, Feng and Kim, Kyu-Han},
	booktitle={Proceedings of the 29th ACM Workshop on Network and Operating Systems Support for Digital Audio and Video},
	pages={25--30},
	year={2019}
}

@inproceedings{bao2017motion,
	title={Motion-prediction-based multicast for 360-degree video transmissions},
	author={Bao, Yanan and Zhang, Tianxiao and Pande, Amit and Wu, Huasen and Liu, Xin},
	booktitle={2017 14th Annual IEEE International Conference on Sensing, Communication, and Networking (SECON)},
	pages={1--9},
	year={2017},
	organization={IEEE}
}

@inproceedings{li2018muvr,
	title={MUVR: Supporting multi-user mobile virtual reality with resource constrained edge cloud},
	author={Li, Yong and Gao, Wei},
	booktitle={2018 IEEE/ACM Symposium on Edge Computing (SEC)},
	pages={1--16},
	year={2018},
	organization={IEEE}
}

@inproceedings{liu2017360,
	title={360 innovations for panoramic video streaming},
	author={Liu, Xing and Xiao, Qingyang and Gopalakrishnan, Vijay and Han, Bo and Qian, Feng and Varvello, Matteo},
	booktitle={Proceedings of the 16th ACM Workshop on Hot Topics in Networks},
	pages={50--56},
	year={2017},
	organization={ACM}
}

@inproceedings{afzal2017characterization,
	title={Characterization of 360-degree videos},
	author={Afzal, Shahryar and Chen, Jiasi and Ramakrishnan, KK},
	booktitle={Proceedings of the Workshop on Virtual Reality and Augmented Reality Network},
	pages={1--6},
	year={2017},
	organization={ACM}
}

@inproceedings{broeck2017s,
	title={It's all around you: Exploring 360 video viewing experiences on mobile devices},
	author={Broeck, Marc Van den and Kawsar, Fahim and Sch{\"o}ning, Johannes},
	booktitle={Proceedings of the 25th ACM international conference on Multimedia},
	pages={762--768},
	year={2017},
	organization={ACM}
}

@inproceedings{xie2017poi360,
	title={Poi360: Panoramic mobile video telephony over lte cellular networks},
	author={Xie, Xiufeng and Zhang, Xinyu},
	booktitle={Proceedings of the 13th International Conference on emerging Networking EXperiments and Technologies},
	pages={336--349},
	year={2017},
	organization={ACM}
}

@inproceedings{sun2018multi,
	title={Multi-path multi-tier 360-degree video streaming in 5G networks},
	author={Sun, Liyang and Duanmu, Fanyi and Liu, Yong and Wang, Yao and Ye, Yinghua and Shi, Hang and Dai, David},
	booktitle={Proceedings of the 9th ACM Multimedia Systems Conference},
	pages={162--173},
	year={2018},
	organization={ACM}
}

@inproceedings{xie2018cls,
	title={Cls: A cross-user learning based system for improving qoe in 360-degree video adaptive streaming},
	author={Xie, Lan and Zhang, Xinggong and Guo, Zongming},
	booktitle={2018 ACM Multimedia Conference on Multimedia Conference},
	pages={564--572},
	year={2018},
	organization={ACM}
}

@inproceedings{xie2017360probdash,
	title={360probdash: Improving qoe of 360 video streaming using tile-based http adaptive streaming},
	author={Xie, Lan and Xu, Zhimin and Ban, Yixuan and Zhang, Xinggong and Guo, Zongming},
	booktitle={Proceedings of the 25th ACM international conference on Multimedia},
	pages={315--323},
	year={2017},
	organization={ACM}
}

@inproceedings{xiao2017optile,
	title={Optile: Toward optimal tiling in 360-degree video streaming},
	author={Xiao, Mengbai and Zhou, Chao and Liu, Yao and Chen, Songqing},
	booktitle={Proceedings of the 25th ACM international conference on Multimedia},
	pages={708--716},
	year={2017},
	organization={ACM}
}

@inproceedings{qian2018flare,
	title={Flare: Practical viewport-adaptive 360-degree video streaming for mobile devices},
	author={Qian, Feng and Han, Bo and Xiao, Qingyang and Gopalakrishnan, Vijay},
	booktitle={Proceedings of the 24th Annual International Conference on Mobile Computing and Networking},
	pages={99--114},
	year={2018},
	organization={ACM}
}

@inproceedings{qian2016optimizing,
	title={Optimizing 360 video delivery over cellular networks},
	author={Qian, Feng and Ji, Lusheng and Han, Bo and Gopalakrishnan, Vijay},
	booktitle={Proceedings of the 5th Workshop on All Things Cellular: Operations, Applications and Challenges},
	pages={1--6},
	year={2016},
	organization={ACM}
}

@inproceedings{petrangeli2017http,
	title={An http/2-based adaptive streaming framework for 360 virtual reality videos},
	author={Petrangeli, Stefano and Swaminathan, Viswanathan and Hosseini, Mohammad and De Turck, Filip},
	booktitle={Proceedings of the 25th ACM international conference on Multimedia},
	pages={306--314},
	year={2017},
	organization={ACM}
}

@inproceedings{graf2017towards,
	title={Towards bandwidth efficient adaptive streaming of omnidirectional video over http: Design, implementation, and evaluation},
	author={Graf, Mario and Timmerer, Christian and Mueller, Christopher},
	booktitle={Proceedings of the 8th ACM on Multimedia Systems Conference},
	pages={261--271},
	year={2017},
	organization={ACM}
}

@inproceedings{corbillon2017viewport,
	title={Viewport-adaptive navigable 360-degree video delivery},
	author={Corbillon, Xavier and Simon, Gwendal and Devlic, Alisa and Chakareski, Jacob},
	booktitle={2017 IEEE international conference on communications (ICC)},
	pages={1--7},
	year={2017},
	organization={IEEE}
}

@inproceedings{corbillon2017optimal,
	title={Optimal set of 360-degree videos for viewport-adaptive streaming},
	author={Corbillon, Xavier and Devlic, Alisa and Simon, Gwendal and Chakareski, Jacob},
	booktitle={Proceedings of the 25th ACM international conference on Multimedia},
	pages={943--951},
	year={2017},
	organization={ACM}
}

@inproceedings{bao2016shooting,
	title={Shooting a moving target: Motion-prediction-based transmission for 360-degree videos},
	author={Bao, Yanan and Wu, Huasen and Zhang, Tianxiao and Ramli, Albara Ah and Liu, Xin},
	booktitle={2016 IEEE International Conference on Big Data (Big Data)},
	pages={1161--1170},
	year={2016},
	organization={IEEE}
}

@inproceedings{almquist2018prefetch,
	title={The prefetch aggressiveness tradeoff in 360 video streaming},
	author={Almquist, Mathias and Almquist, Viktor and Krishnamoorthi, Vengatanathan and Carlsson, Niklas and Eager, Derek},
	booktitle={Proceedings of the 9th ACM Multimedia Systems Conference},
	pages={258--269},
	year={2018},
	organization={ACM}
}

@inproceedings{jiang2017power,
	title={Power evaluation of 360 vr video streaming on head mounted display devices},
	author={Jiang, Nan and Swaminathan, Viswanathan and Wei, Sheng},
	booktitle={Proceedings of the 27th Workshop on Network and Operating Systems Support for Digital Audio and Video},
	pages={55--60},
	year={2017},
	organization={ACM}
}

@inproceedings{zhou2017measurement,
	title={A measurement study of oculus 360 degree video streaming},
	author={Zhou, Chao and Li, Zhenhua and Liu, Yao},
	booktitle={Proceedings of the 8th ACM on Multimedia Systems Conference},
	pages={27--37},
	year={2017},
	organization={ACM}
}

@inproceedings{nasrabadi2017adaptive,
	title={Adaptive 360-degree video streaming using scalable video coding},
	author={Nasrabadi, Afshin Taghavi and Mahzari, Anahita and Beshay, Joseph D and Prakash, Ravi},
	booktitle={Proceedings of the 25th ACM international conference on Multimedia},
	pages={1689--1697},
	year={2017},
	organization={ACM}
}

@article{lee2016rich360,
	title={Rich360: optimized spherical representation from structured panoramic camera arrays},
	author={Lee, Jungjin and Kim, Bumki and Kim, Kyehyun and Kim, Younghui and Noh, Junyong},
	journal={ACM Transactions on Graphics (TOG)},
	volume={35},
	number={4},
	pages={63},
	year={2016},
	publisher={ACM}
}

@misc{kuzyakov2015under,
	title={Under the hood: Building 360 video},
	author={Kuzyakov, Evgeny and Pio, David},
	year={2015},
	publisher={Oct}
}

@misc{kuzyakov2016next,
	title={Next-generation video encoding techniques for 360 video and VR},
	author={Kuzyakov, Evgeny and Pio, David},
	journal={2016-07-15)[2017-11-07]. https://code. facebook. com/posts/1126354007399553/next-generationvideo-encoding-techniques-for-360-video-and-vr/. 2016. 7. 15},
	year={2016}
}

@inproceedings{sripanidkulchai2004analysis,
	title={An analysis of live streaming workloads on the internet},
	author={Sripanidkulchai, Kunwadee and Maggs, Bruce and Zhang, Hui},
	booktitle={Proceedings of the 4th ACM SIGCOMM conference on Internet measurement},
	pages={41--54},
	year={2004},
	organization={ACM}
}

@inproceedings{silverston2007measuring,
	title={Measuring p2p iptv systems},
	author={Silverston, Thomas and Fourmaux, Olivier},
	booktitle={Proceedings of NOSSDAV},
	volume={7},
	pages={2},
	year={2007}
}

@inproceedings{li2011measurement,
	title={Measurement and analysis of a large scale commercial mobile internet TV system},
	author={Li, Yuheng and Zhang, Yiping and Yuan, Ruixi},
	booktitle={Proceedings of the 2011 ACM SIGCOMM conference on Internet measurement conference},
	pages={209--224},
	year={2011},
	organization={ACM}
}

@inproceedings{kaytoue2012watch,
	title={Watch me playing, i am a professional: a first study on video game live streaming},
	author={Kaytoue, Mehdi and Silva, Arlei and Cerf, Lo{\"\i}c and Meira Jr, Wagner and Ra{\"\i}ssi, Chedy},
	booktitle={Proceedings of the 21st International Conference on World Wide Web},
	pages={1181--1188},
	year={2012},
	organization={ACM}
}

@article{hei2007measurement,
	title={A measurement study of a large-scale P2P IPTV system},
	author={Hei, Xiaojun and Liang, Chao and Liang, Jian and Liu, Yong and Ross, Keith W},
	journal={IEEE transactions on multimedia},
	volume={9},
	number={8},
	pages={1672--1687},
	year={2007},
	publisher={IEEE}
}

@inproceedings{zhang2015crowdsourced,
	title={On crowdsourced interactive live streaming: a twitch. tv-based measurement study},
	author={Zhang, Cong and Liu, Jiangchuan},
	booktitle={Proceedings of the 25th ACM Workshop on Network and Operating Systems Support for Digital Audio and Video},
	pages={55--60},
	year={2015},
	organization={ACM}
}

@article{siekkinen2016first,
	title={A first look at quality of mobile live streaming experience: the case of periscope},
	author={Siekkinen, Matti and Masala, Enrico and K{\"a}m{\"a}r{\"a}inen, Teemu},
	journal={arXiv preprint arXiv:1605.04270},
	year={2016}
}

@inproceedings{pires2015youtube,
	title={YouTube live and Twitch: a tour of user-generated live streaming systems},
	author={Pires, Karine and Simon, Gwendal},
	booktitle={Proceedings of the 6th ACM multimedia systems conference},
	pages={225--230},
	year={2015},
	organization={ACM}
}

@inproceedings{tang2016meerkat,
	title={Meerkat and periscope: I stream, you stream, apps stream for live streams},
	author={Tang, John C and Venolia, Gina and Inkpen, Kori M},
	booktitle={Proceedings of the 2016 CHI Conference on Human Factors in Computing Systems},
	pages={4770--4780},
	year={2016},
	organization={ACM}
}

@inproceedings{wang2016anatomy,
	title={Anatomy of a personalized livestreaming system},
	author={Wang, Bolun and Zhang, Xinyi and Wang, Gang and Zheng, Haitao and Zhao, Ben Y},
	booktitle={Proceedings of the 2016 Internet Measurement Conference},
	pages={485--498},
	year={2016},
	organization={ACM}
}

@inproceedings{satyanarayanan2019computing,
	title={The computing landscape of the 21st century},
	author={Satyanarayanan, Mahadev and Gao, Wei and Lucia, Brandon},
	booktitle={Proceedings of the 20th International Workshop on Mobile Computing Systems and Applications},
	pages={45--50},
	year={2019},
	organization={ACM}
}

@inproceedings{fan2017fixation,
	title = {{Fixation Prediction for 360 Video Streaming in Head-Mounted Virtual Reality}},
	author = {Fan, Ching-Ling and Lee, Jean and Lo, Wen-Chih and Huang, Chun-Ying and Chen, Kuan-Ta and Hsu, Cheng-Hsin},
	booktitle = {Proceedings of the Workshop on Network and Operating Systems Support for Digital Audio and Video},
	pages = {67--72},
	year = {2017},
	organization = {ACM}
}

@article{lai2019furion,
	title={Furion: Engineering high-quality immersive virtual reality on today's mobile devices},
	author={Lai, Zeqi and Hu, Y Charlie and Cui, Yong and Sun, Linhui and Dai, Ningwei and Lee, Hung-Sheng},
	journal={IEEE Transactions on Mobile Computing},
	year={2019},
	publisher={IEEE}
}

@inproceedings{mao2017neural,
	title = {{Neural Adaptive Video Streaming with Pensieve}},
	author = {Mao, Hongzi and Netravali, Ravi and Alizadeh, Mohammad},
	booktitle = {Proceedings of {SIGCOMM} 2017},
	pages = {197--210},
	year = {2017},
	organization = {ACM}
}

@inproceedings{yin2015control,
	title = {{A Control-Theoretic Approach for Dynamic Adaptive Video Streaming over HTTP}},
	author = {Yin, Xiaoqi and Jindal, Abhishek and Sekar, Vyas and Sinopoli, Bruno},
	booktitle = {Proceedings of {SIGCOMM} 2015},
	pages = {325--338},
	year = {2015},
	organization = {ACM}
}

@inproceedings{huang2014buffer,
	title = {{A Buffer-Based Approach to Rate Adaptation: Evidence from a Large Video Streaming Service}},
	author = {Huang, Te-Yuan and Johari, Ramesh and McKeown, Nick and Trunnell, Matthew and Watson, Mark},
	booktitle = {Proceedings of {SIGCOMM} 2014},
	pages = {187--198},
	year = {2014},
	organization = {ACM}
}

@inproceedings{jiang2012improving,
	title = {{Improving Fairness, Efficiency, and Stability in HTTP-Based Adaptive Video Streaming With Festive}},
	author = {Jiang, Junchen and Sekar, Vyas and Zhang, Hui},
	booktitle = {Proceedings of {CoNEXT} 2012},
	pages = {97--108},
	year = {2012},
	organization = {ACM}
}

@inproceedings{bao2016shooting,
	title={Shooting a moving target: Motion-prediction-based transmission for 360-degree videos},
	author={Bao, Yanan and Wu, Huasen and Zhang, Tianxiao and Ramli, Albara Ah and Liu, Xin},
	booktitle={2016 IEEE International Conference on Big Data (Big Data)},
	pages={1161--1170},
	year={2016},
	organization={IEEE}
}

@inproceedings{hou2018predictive,
	title = {{Predictive View Generation to Enable Mobile 360-degree and VR Experiences}},
	author = {Xueshi Hou and Sujit Dey and Jianzhong Zhang and Madhukar Budagavi},
	booktitle = {Proceedings of the Workshop on Virtual Reality and Augmented Reality Network},
	pages = {20--26},
	year = {2018},
	organization = {ACM}
}