@inproceedings{:,
 author = {},
 title = {{}},
 booktitle = {Proceedings of },
 pages = {--},
 month = Jan,
 year = {},
}

@article{:,
 author = {},
 title = {{}},
 journal = {},
 volume = {},
 number = {},
 pages = {-},
 month = Jul,
 year = {}
}

@inproceedings{:,
 author = {},
 title = {{}},
 booktitle = {},
 year = {},
}

@inproceedings{wang2011untold,
  title={An untold story of middleboxes in cellular networks},
  author={Wang, Zhaoguang and Qian, Zhiyun and Xu, Qiang and Mao, Zhuoqing and Zhang, Ming},
  booktitle={ACM SIGCOMM Computer Communication Review},
  volume={41},
  number={4},
  pages={374--385},
  year={2011},
  organization={ACM}
}

@inproceedings{padhye:sigcomm,
 author = {Jitendra Padhye and Victor Firoiu and Don Towsley and Jim Kurose},
 title = {{Modeling TCP Throughput: A Simple Model and its Empirical Validation}},
 booktitle = {SIGCOMM},
 year = {1998},
}

@inproceedings{agarwal09:sigcomm,
 author = {Sharad Agarwal and Jacob R. Lorch},
 title = {{Matchmaking for Online Games and Other Latency-Sensitive P2P Systems}},
 booktitle = {SIGCOMM},
 year = {2009},
}

@inproceedings{cardwell:infocom,
 author = {Neal Cardwell and Stefan Savage and Tom Anderson},
 title = {{Modeling TCP Latency}},
 booktitle = {INFOCOM},
 year = {2000},
}

@inproceedings{magalhaes:icnp,
 author = {Luiz Magalhaes and Robin Kravets},
 title = {{Transport Level Mechanisms for Bandwidth Aggregation on Mobile Hosts}},
 booktitle = {ICNP},
 year = {2001},
}

@inproceedings{hsieh:mobicom,
 author = {Hung-Yun Hsieh and Raghupathy Sivakumar},
 title = {{A Transport Layer Approach for Achieving Aggregate Bandwidths on Multi-homed Mobile Hosts}},
 booktitle = {MobiCom},
 year = {2002},
}

@inproceedings{cetinkaya:infocom,
 author = {Coskun Cetinkaya and Edward W. Knightly},
 title = {{Opportunistic Traffic Scheduling Over Multiple Network Paths}},
 booktitle = {INFOCOM},
 year = {2004},
}

@inproceedings{rodriguez:mobisys,
 author = {Pablo Rodriguez and Rajiv Chakravorty and Julian Chesterfield and Ian Pratt and Suman Banerjee},
 title = {{MAR: A Commuter Router Infrastructure for the Mobile Internet}},
 booktitle = {MobiSys},
 year = {2004},
}

@inproceedings{pering:mobisys,
 author = {Trevor Pering and Yuvraj Agarwal and Rajesh Gupta and Roy Want},
 title = {{CoolSpots: Reducing the Power Consumption of Wireless Mobile Devices Using Multiple Radio Interfaces}},
 booktitle = {MobiSys},
 year = {2006},
}

@article{iyengar:tnet,
 author = {Janardhan Iyengar and Paul D. Amer and Randall Stewart},
 title = {{Concurrent Multipath Transfer Using SCTP Multihoming Over Independent End-to-End Paths}},
 journal = {IEEE/ACM Transactions on Networking},
 volume = {14},
 number = {5},
 pages = {951-964},
 month = Oct,
 year = {2006}
}

@article{han:tnet,
 author = {Huaizhong Han and Srinivas Shakkottai and C. V. Hollot and R. Srikant and Don Towsley},
 title = {{Multi-Path TCP: A Joint Congestion Control and Routing Scheme to Exploit Path Diversity in the Internet}},
 journal = {IEEE/ACM Transactions on Networking},
 volume = {14},
 number = {6},
 pages = {1260-1271},
 month = Dec,
 year = {2006}
}

@article{dua:twc,
 author = {Aditya Dua and Carri W. Chan and Nicholas Bambos and John Apostolopoulos},
 title = {{Channel, Deadline, and Distortion (CD$^{2}$) Aware Scheduling for Video Streams Over Wireless}},
 journal = {IEEE Transactions on Wireless Communications},
 volume = {9},
 number = {3},
 pages = {1001-1011},
 month = Mar,
 year = {2010}
}

@inproceedings{li:nsdi,
 author = {Zhichun Li and Ming Zhang and Zhaosheng Zhu and Yan Chen and Albert Greenberg and Yi-Min Wang},
 title = {{WebProphet: Automating Performance Prediction for Web Services}},
 booktitle = {NSDI},
 year = {2010},
}

@inproceedings{higgins:mobicom,
 author = {Brett D. Higgins and Azarias Reda and Timur Alperovich and Jason Flinn and T.J. Giuli and Brian Noble and David Watson},
 title = {{Intentional Networking: Opportunistic Exploitation of Mobile Network Diversity}},
 booktitle = {MobiCom},
 year = {2010},
}

@article{carbone:dummynet,
 author = {Marta Carbone and Luigi Rizzo},
 title = {{Dummynet Revisited}},
 journal = {ACM SIGCOMM Computer Communication Review},
 volume = {40},
 number = {2},
 pages = {12-20},
 month = Apr,
 year = {2010}
}

@inproceedings{balasubramanian:mobisys,
 author = {Aruna Balasubramanian and Ratul Mahajan and Arun Venkataramani},
 title = {{Augmenting Mobile 3G Using WiFi}},
 booktitle = {MobiSys},
 year = {2010},
}

@inproceedings{lee:conext,
 author = {Kyunghan Lee and Joohyun Lee and Yung Yi and Injong Rhee and Song Chong},
 title = {{Mobile Data Offloading: How Much Can WiFi Deliver?}},
 booktitle = {CoNEXT},
 year = {2010},
}

@article{erman:internet,
 author = {Jeffrey Erman and Alexandre Gerber and Mohammad T. Hajiaghayi and Dan Pei and Subhabrata Sen and Oliver Spatscheck},
 title = {{To Cache or not to Cache: The 3G case}},
 journal = {IEEE Internet Computing},
 volume = {15},
 number = {2},
 pages = {27-34},
 month = Mar# "-" #Apr,
 year = {2011}
}

@article{sodagar:multimedia,
 author = {Iraj Sodagar},
 title = {{The MPEG-DASH Standard for Multimedia Streaming Over the Internet}},
 journal = {IEEE MultiMedia},
 volume = {18},
 number = {4},
 pages = {62-67},
 month = Apr,
 year = {2011}
}

@inproceedings{wischik:nsdi,
 author = {Damon Wischik and Costin Raiciu and Adam Greenhalgh and Mark Handley},
 title = {{Design, Implementation and Evaluation of Congestion Control for Multipath TCP}},
 booktitle = {NSDI},
 year = {2011},
}

@inproceedings{raiciu:mobiarch,
 author = {Costin Raiciu and Dragos Niculescu and Marcelo Bagnulo and Mark Handley},
 title = {{Opportunistic Mobility with Multipath TCP}},
 booktitle = {MobiArch},
 year = {2011},
}

@inproceedings{butkiewicz:imc,
 author = {Michael Butkiewicz and Harsha V. Madhyastha and Vyas Sekar},
 title = {{Understanding Website Complexity: Measurements, Metrics, and Implications}},
 booktitle = {IMC},
 year = {2011},
}

@inproceedings{krishnan09:imc,
 author = {R. Krishnan and H. Madhyastha and S. Srinivasan and S. Jain and A. Krishnamurthy and T. Anderson and J. Gao},
 title = {{Moving Beyond End-to-End Path Information to Optimize CDN Performance}},
 booktitle = {IMC},
 year = {2009},
}

@inproceedings{soroush:conext,
 author = {Hamed Soroush and Peter Gilbert and Nilanjan Banerjee and Brian Neil Levine and Mark Corner and Landon Cox},
 title = {{Concurrent Wi-Fi for Mobile Users: Analysis and Measurements}},
 booktitle = {CoNEXT},
 year = {2011},
}

@inproceedings{RILanalyzer:imc,
 author = {Narseo Vallina-Rodriguez and Andrius Aucinas and Mario Almeida and Yan Grunenberger and Konstantina Papagiannaki and Jon Crowcroft},
 title = {{RILAnalyzer: a Comprehensive 3G Monitor On Your Phone}},
 booktitle = {IMC},
 year = {2013},
}

@inproceedings{raiciu:sigcomm,
 author = {Costin Raiciu and Sebastien Barre and Christopher Pluntke and Adam Greenhalgh and Damon Wischik and Mark Handley},
 title = {{Improving Datacenter Performance and Robustness with Multipath TCP}},
 booktitle = {SIGCOMM},
 year = {2011},
}

@inproceedings{lederer:mmsys,
 author = {Stefan Lederer and Christopher M\"{u}ller and Christian Timmerer},
 title = {{Dynamic Adaptive Streaming over HTTP Dataset}},
 booktitle = {MMSys},
 year = {2012},
}

@inproceedings{raiciu:nsdi,
 author = {Costin Raiciu and Christoph Paasch and Sebastien Barre and Alan Ford and Michio Honda and Fabien Duchene and Olivier Bonaventure and Mark Handley},
 title = {{How Hard Can It Be? Designing and Implementing a Deployable Multipath TCP}},
 booktitle = {NSDI},
 year = {2012},
}

@article{han:tmc,
 author = {Bo Han and Pan Hui and V. S. A. Kumar and Madhav V. Marathe and Jianhua Shao and Aravind Srinivasan},
 title = {{Mobile Data Offloading through Opportunistic Communications and Social Participation}},
 journal = {IEEE Transactions on Mobile Computing},
 volume = {11},
 number = {5},
 pages = {821--834},
 month = May,
 year = {2012}
}

@inproceedings{wang:www,
 author = {Zhen Wang and Felix Xiaozhu Lin and Lin Zhong and Mansoor Chishtie},
 title = {{How Fast Can Client-Only Solutions Go for Mobile Browser Speed}},
 booktitle = {WWW},
 year = {2012},
}

@inproceedings{vamanan:sigcomm,
 author = {Balajee Vamanan and Jahangir Hasan and T. N. Vijaykumar},
 title = {{Deadline-Aware Datacenter TCP (D$^{2}$TCP)}},
 booktitle = {SIGCOMM},
 year = {2012},
}

@inproceedings{khalili:conext,
 author = {Ramin Khalili and Nicolas Gast and Miroslav Popovic and Utkarsh Upadhyay and Jean-Yves Le Boudec},
 title = {{MPTCP is not Pareto-Optimal: Performance Issues and a Possible Solution}},
 booktitle = {CoNEXT},
 year = {2012},
}

@inproceedings{deng:conext,
 author = {Shuo Deng and Hari Balakrishnan},
 title = {{Traffic-Aware Techniques to Reduce 3G/LTE Wireless Energy Consumption}},
 booktitle = {CoNEXT},
 year = {2012},
}

@inproceedings{jiang:conext,
 author = {Junchen Jiang and Vyas Sekar and Hui Zhang},
 title = {{Improving Fairness, Efficiency, and Stability in HTTP-based Adaptive Video Streaming with FESTIVE}},
 booktitle = {CoNEXT},
 year = {2012},
}

@inproceedings{wang:nsdi13,
 author = {Xiao Sophia Wang and Aruna Balasubramanian and Arvind Krishnamurthy and David Wetherall},
 title = {{Demystifying Page Load Performance with WProf}},
 booktitle = {NSDI},
 year = {2013},
}

@inproceedings{chen:mobicom,
 author = {Jiasi Chen and Rajesh Mahindra and Mohammad A. Khojastepour and Sampath Rangarajan and Mung Chiang},
 title = {{A Scheduling Framework for Adaptive Video Delivery over Cellular Networks}},
 booktitle = {MobiCom},
 year = {2013},
}

@inproceedings{shen:mobicom,
 author = {Shan-Hsiang Shen and Aditya Akella},
 title = {{An Information-Aware QoE-Centric Mobile Video Cache}},
 booktitle = {MobiCom},
 year = {2013},
}

@inproceedings{erman:conext,
 author = {Jeffrey Erman and Vijay Gopalakrishnan and Rittwik Jana and K.K. Ramakrishnan},
 title = {{Towards a SPDY'ier Mobile Web?}},
 booktitle = {CoNEXT},
 year = {2013},
}

@inproceedings{paasch:conext,
 author = {Christoph Paasch and Ramin Khalili and Olivier Bonaventure},
 title = {{On the Benefits of Applying Experimental Design to Improve Multipath TCP}},
 booktitle = {CoNEXT},
 year = {2013},
}

@inproceedings{schmidt:conext,
 author = {Philipp S. Schmidt and Theresa Enghardt and Ramin Khalili and Anja Feldmann},
 title = {{Socket Intents: Leveraging Application Awareness for Multi-Access Connectivity}},
 booktitle = {CoNEXT},
 year = {2013},
}

@inproceedings{yap:conext,
 author = {Kok-Kiong Yap and Te-Yuan Huang and Yiannis Yiakoumis and Sandeep Chinchali and Nick McKeown and Sachin Katti},
 title = {{Scheduling Packets over Multiple Interfaces while Respecting User Preferences}},
 booktitle = {CoNEXT},
 year = {2013},
}

@inproceedings{chen:imc,
 author = {Yung-Chih Chen and Yeon-Sup Lim and Richard J. Gibbens and Erich M. Nahum and Ramin Khalili and Don Towsley},
 title = {{A Measurement-based Study of MultiPath TCP Performance over Wireless Networks}},
 booktitle = {IMC},
 year = {2013},
}

@inproceedings{wang:nsdi14,
 author = {Xiao Sophia Wang and Aruna Balasubramanian and Arvind Krishnamurthy and David Wetherall},
 title = {{How Speedy is SPDY?}},
 booktitle = {NSDI},
 year = {2014},
}

@InProceedings{qian:mobisys,
 author = {Feng Qian and Subhabrata Sen and Oliver Spatscheck},
 title = {{Characterizing Resource Usage for Mobile Web Browsing}},
 booktitle = {MobiSys},
 year = {2014},
}

@inproceedings{peng:mobihoc,
 author = {Qiuyu Peng and Minghua Chen and Anwar Walid and Steven Low},
 title = {{Energy Efficient Multipath TCP for Mobile Devices}},
 booktitle = {MobiHoc},
 year = {2014},
}

@inproceedings{balachandran:mobicom,
 author = {Athula Balachandran and Vaneet Aggarwal and Emir Halepovic and Jeffrey Pang and Srinivasan Seshan and Shobha Venkataraman and He Yan},
 title = {{Modeling Web Quality-of-Experience on Cellular Networks}},
 booktitle = {MobiCom},
 year = {2014},
}

@inproceedings{paasch:csws,
 author = {Christoph Paasch and Simone Ferlin and Ozgu Alay and Olivier Bonaventure},
 title = {{Experimental Evaluation of Multipath TCP Schedulers}},
 booktitle = {ACM SIGCOMM Capacity Sharing Workshop},
 year = {2014},
}

@inproceedings{deng:imc,
 author = {Shuo Deng and Ravi Netravali and Anirudh Sivaraman and Hari Balakrishnan},
 title = {{WiFi, LTE, or Both? Measuring Multi-homed Wireless Internet Performance}},
 booktitle = {IMC},
 year = {2014},
}

@inproceedings{shafiq:sigmetrics,
 author = {M. Zubair Shafiq and Jeffrey Erman and Lusheng Ji and Alex X. Liu and Jeffrey Pang and Jia Wang},
 title = {{Understanding the Impact of Network Dynamics on Mobile Video User Engagement}},
 booktitle = {SIGMETRICS},
 year = {2014},
}

@inproceedings{huang:sigcomm14,
 author = {Te-Yuan Huang and Ramesh Johari and Nick McKeown and Matthew Trunnell and Mark Watson},
 title = {{A Buffer-Based Approach to Rate Adaptation: Evidence from a Large Video Streaming Service}},
 booktitle = {SIGCOMM},
 year = {2014},
}

@inproceedings{sivakumar:conext,
 author = {Ashiwan Sivakumar and Shankaranarayanan Puzhavakath Narayanan and Vijay Gopalakrishnan and Seungjoon Lee and Sanjay Rao and Subhabrata Sen},
 title = {{PARCEL: Proxy Assisted BRowsing in Cellular networks for Energy and Latency reduction}},
 booktitle = {CoNEXT},
 year = {2014},
}

@inproceedings{nicutar:conext,
 author = {Catalin Nicutar and Dragos Niculescu and Costin Raiciu},
 title = {{Using Cooperation for Low Power Low Latency Cellular Connectivity}},
 booktitle = {CoNEXT},
 year = {2014},
}

@inproceedings{chen:conext,
 author = {Yung-Chih Chen and Don Towsley and Ramin Khalili},
 title = {{MSPlayer: Multi-Source and multi-Path LeverAged YoutubER}},
 booktitle = {CoNEXT},
 year = {2014},
}

@inproceedings{yin:hotnets,
 author = {Xiaoqi Yin and Vyas Sekar and Bruno Sinopoli},
 title = {{Toward a Principled Framework to Design Dynamic Adaptive Streaming Algorithms over HTTP}},
 booktitle = {HotNets},
 year = {2014},
}

@inproceedings{zou:hotmobile,
 author = {Xuan Kelvin Zou and Jeffrey Erman and Vijay Gopalakrishnan and Emir Halepovic and Rittwik Jana and Xin Jin and Jennifer Rexford and Rakesh K. Sinha},
 title = {{Can Accurate Predictions Improve Video Streaming in Cellular Networks?}},
 booktitle = {HotMobile},
 year = {2015},
}

@inproceedings{khalid:hotmobile,
 author = {Junaid Khalid and Sharad Agarwal and Aditya Akella and Jitendra Padhye},
 title = {{Improving the performance of SPDY for mobile devices}},
 booktitle = {HotMobile (Poster Session)},
 year = {2015},
}

@inproceedings{criotoru:nsdi,
 author = {Andrei Croitoru and Drago\c{s} Niculescu and Costin Raiciu},
 title = {{Towards WiFi Mobility without Fast Handover}},
 booktitle = {NSDI},
 year = {2015},
}

@inproceedings{agababov:nsdi,
 author = {Victor Agababov and Michael Buettner and Victor Chudnovsky and Mark Cogan and Ben Greenstein and Shane McDaniel and Michael Piatek and Colin Scott and Matt Welsh and Bolian Yin},
 title = {{Flywheel: Google's Data Compression Proxy for the Mobile Web}},
 booktitle = {NSDI},
 year = {2015},
}

@inproceedings{butkiewicz:nsdi,
 author = {Michael Butkiewicz and Daimeng Wang and Zhe Wu and Harsha V. Madhyastha and Vyas Sekar},
 title = {{Klotski: Reprioritizing Web Content to Improve User Experience on Mobile Devices}},
 booktitle = {NSDI},
 year = {2015},
}

@inproceedings{ganjam:nsdi,
 author = {Aditya Ganjam and Junchen Jiang and Xi Liu and Vyas Sekar and Faisal Siddiqui and Ion Stoica and Jibin Zhan and Hui Zhang},
 title = {{C3: Internet-Scale Control Plane for Video Quality Optimization}},
 booktitle = {NSDI},
 year = {2015},
}

@inproceedings{nika:www,
 author = {Ana Nika and Yibo Zhu and Ning Ding and Abhilash Jindal and Y. Charlie Hu and Xia Zhou and Ben Y. Zhao and Haitao Zheng},
 title = {{Energy and Performance of Smartphone Radio Bundling in Outdoor Environments}},
 booktitle = {WWW},
 year = {2015},
}

@inproceedings{han:atc,
 author = {Bo Han and Shuai Hao and Feng Qian},
 title = {{MetaPush: Cellular-Friendly Server Push For HTTP/2}},
 booktitle = {All Things Cellular},
 year = {2015},
}

@inproceedings{nikravesh:mobisys,
 author = {Ashkan Nikravesh and Hongyi Yao and Shichang Xu and David Choffnes and Z. Morley Mao},
 title = {{Mobilyzer: An Open Platform for Controllable Mobile Network Measurements}},
 booktitle = {MobiSys},
 year = {2015},
}

@inproceedings{bui:mobicom,
 author = {Duc Hoang Bui and Yunxin Liu and Hyosu Kim and Insik Shin and Feng Zhao},
 title = {{Rethinking Energy-Performance TradeOff in Mobile Web Page Loading}},
 booktitle = {MobiCom},
 year = {2015},
}

@inproceedings{singh:mobicom,
 author = {Shailendra Singh and Harsha V. Madhyastha and Srikanth V. Krishnamurthy and Ramesh Govindan},
 title = {{FlexiWeb: Network-Aware Compaction for Accelerating Mobile Web Transfers}},
 booktitle = {MobiCom},
 year = {2015},
}

@inproceedings{xie:mobicom,
 author = {Xiufeng Xie and Xinyu Zhang and Swarun Kumar and Li Erran Li},
 title = {{piStream: Physical Layer Informed Adaptive Video Streaming Over LTE}},
 booktitle = {MobiCom},
 year = {2015},
}

@article{panta:video,
 author = {Rajesh Krishna Panta},
 title = {{Mobile Video Delivery: Challenges and Opportunities}},
 journal = {IEEE Internet Computing},
 volume = {19},
 number = {3},
 pages = {64-67},
 month = May# "-" #Jun,
 year = {2015}
}

@article{chen:survey,
 author = {Yanjiao Chen and Kaishun Wu and Qian Zhang},
 title = {{From QoS to QoE: A Tutorial on Video Quality Assessment}},
 journal = {IEEE Communications Surveys \& Tutorials},
 volume = {17},
 number = {2},
 pages = {1126-1165},
 month = May,
 year = {2015}
}

@inproceedings{han:conext,
 author = {Bo Han and Feng Qian and Shuai Hao and Lusheng Ji},
 title = {{An Anatomy of Mobile Web Performance over Multipath TCP}},
 booktitle = {CoNEXT},
 year = {2015},
}

@Misc{mptcp,
  author = {Christoph Paasch and S\'{e}bastien Barr\'{e} and others},
  title = {{Multipath TCP in the Linux Kernel}},
  howpublished = {\url{http://www.multipath-tcp.org}}
}

@Misc{mptcp:bib,
  author = {Olivier Bonaventure},
  title = {{Multipath TCP : An annotated bibliography}},
  howpublished = {\url{https://github.com/obonaventure/mptcp-bib}}
}

@Misc{nghttpx,
  title = {{HTTP/2 C Library and Tools}},
  howpublished = {\url{https://nghttp2.org/}}
}

@Misc{h2o,
  title = {{H2O: an optimized HTTP server}},
  howpublished = {\url{https://h2o.examp1e.net/}}
}

@Misc{nginx,
  title = {{Nginx: a web and reverse proxy server}},
  howpublished = {\url{http://nginx.org/}}
}

% http://www.squid-cache.org/
@Misc{squid,
  title = {{Squid Caching and Forwarding Web Proxy}},
  howpublished = {\url{http://goo.gl/uYPH}}
}

% https://code.google.com/p/modpagespeed/
@Misc{modpagespeed,
  title = {{Google modpagespeed}},
  howpublished = {\url{http://goo.gl/NUgcC}}
}

% https://developers.google.com/speed/webp/
@Misc{webp,
  title = {{WebP: A new image format for the Web}},
  howpublished = {\url{http://goo.gl/Whb6Y}},
}

@Misc{mobile_market_2015,
    title = {{Mobile Marketing Statistics 2015}},
    howpublished = {\url{http://www.smartinsights.com/mobile-marketing/mobile-marketing-analytics/mobile-marketing-statistics/}},
}

@Misc{websocket,
  title = {{WebSocket}},
  howpublished = {\url{https://www.websocket.org/}},
}

@Misc{http2,
    author = {M. Belshe and R. Peon and  M. Thomson},
    title = {{Hypertext Transfer Protocol Version 2 (HTTP/2)}},
    howpublished = {RFC 7540},
    year = {2015}
}

@Misc{http1,
    title = {{Hypertext Transfer Protocol Version 1.1 (HTTP/1.1)}},
    howpublished = {RFC 7230-7237},
    year = {2014}
}


@InProceedings{huang:sigcomm,
  author =   {Junxian Huang and Feng Qian and Yihua Guo and Yuanyuan Zhou and Qiang Xu and Z. Morley Mao and Subhabrata Sen and Oliver Spatscheck},
  title =    {{An In-depth Study of LTE: Effect of Network Protocol and Application Behavior on Performance}},
  booktitle = {SIGCOMM},
  year = {2013},
}

@Misc{httrack,
  title = {{HTTrack Website Copier}},
  howpublished = {\url{https://www.httrack.com/}},
}

@Misc{lzma,
  title = {{LZMA SDK}},
  howpublished = {\url{http://www.7-zip.org/sdk.html}},
}

% http://www.chromium.org/spdy/spdy-protocol/spdy-protocol-draft3-1
@Misc{spdy_v31,
  title = {{SPDY Protocol -- Draft 3.1}},
  howpublished = {\url{http://goo.gl/jMSFH8}}
}

% https://developer.mozilla.org/en-US/docs/Web/HTTP/Link_prefetching_FAQ
@Misc{server_hint_prefetch,
  title = {{Server Hint (prefetch)}},
  howpublished = {\url{http://goo.gl/FrOlZC}}
}

% https://www.chromium.org/spdy/link-headers-and-server-hint/link-rel-subresource
@Misc{server_hint_subresource,
  title = {{Server Hint (subresource)}},
  howpublished = {\url{http://goo.gl/x1gkWl}}
}

@Misc{xmlhttprequest,
  title = {{XMLHttpRequest}},
  howpublished = {\url{https://xhr.spec.whatwg.org/}},
}

@InProceedings{qian11_mobisys,
  author =   {Feng Qian and Zhaoguang Wang and Alexandre Gerber and Z. Morley Mao and Subhabrata Sen and Oliver Spatscheck},
  title =    {{Profiling Resource Usage for Mobile Applications: a Cross-layer Approach}},
  booktitle = {Mobisys},
  year =     {2011},
}

@InProceedings{sommers12,
    author = {Joel Sommers and Paul Barford},
    title = {{Cell vs. WiFi: On the Performance of Metro Area Mobile Connections}},
    booktitle = {IMC},
    year = {2012},
}

% https://github.com/chromium/web-page-replay/
@Misc{google_replay,
  title =    {{Google Web Page Replay Tool}},
  howpublished = {\url{https://github.com/chromium/web-page-replay}}
}

@InProceedings{tsao:conext,
    author = {Cheng-Lin Tsao and Raghupathy Sivakumar},
    title = {{On Effectively Exploiting Multiple Wireless Interfaces in Mobile Hosts}},
    booktitle = {CoNEXT},
    year = {2009},
}

@Misc{mptcp:rfc,
  author = {Alan Ford and Costin Raiciu and Mark Handley and Olivier Bonaventure},
  title = {{TCP Extensions for Multipath Operation with Multiple Addresses}},
  howpublished = {RFC 6824, 2013},
}

@Misc{quic,
  title = {{QUIC Protocol}},
  howpublished = {\url{https://www.chromium.org/quic}}
}

@Misc{opera_mini,
    title = {{Opera Mini Browser}},
    howpublished = {\url{http://www.opera.com/mobile/mini}}
}

@Misc{phantomjs,
  title = {{PhantomJS, a headless WebKit}},
  howpublished = {\url{http://phantomjs.org/}}
}

@Misc{spdy_best_practice,
    title  = {{Google's SPDY Best Practices}},
    howpublished = {\url{http://dev.chromium.org/spdy/spdy-best-practices}}
}

@Misc{gpac:dash,
  title = {{GPAC DASH Video Player}},
  howpublished = {\url{https://gpac.wp.mines-telecom.fr/}}
}

@InProceedings{balasubramanian09,
  author = {Niranjan Balasubramanian and Aruna Balasubramanian and Arun Venkataramani},
  title =  {{Energy Consumption in Mobile Phones: A Measurement Study and Implications for Network Applications}},
  booktitle = {IMC},
  year = {2009},
}

@Misc{ilya_server_push,
  title = {{Innovating with HTTP 2.0 Server Push}},
  howpublished = {\url{https://www.igvita.com/2013/06/12/innovating-with-http-2.0-server-push/}}
}

@inproceedings{chen:conext14,
 author = {Yung-Chih Chen and Don Towsley and Ramin Khalili},
 title = {{MSPlayer: Multi-Source and multi-Path LeverAged YoutubER}},
 booktitle = {CoNEXT},
 year = {2014},
}

@inproceedings{zhao:icdcs11,
 author = {Bo Zhao and Byung Chul Tak and Guohong Cao},
 title = {{Reducing the Delay and Power Consumption of Web Browsing on Smartphones in 3G networks}},
 booktitle = {ICDCS},
 year = {2011},
}

@inproceedings{mctls_sigcomm15,
 author = {David Naylor and Kyle Schomp and Matteo Varvello and Ilias Leontiadis and Jeremy Blackburn and Diego Lopez and Konstantina Papagiannaki and Pablo Rodriguez Rodriguez and Peter Steenkiste},
 title = {{multi-context TLS (mcTLS): Enabling Secure In-Network Functionality in TLS}},
 booktitle = {SIGCOMM},
 year = {2015},
}

@inproceedings{yin:sigcomm,
 author = {Xiaoqi Yin and Abhishek Jindal and Vyas Sekar and Bruno Sinopoli},
 title = {{A Control-Theoretic Approach for Dynamic Adaptive Video Streaming over HTTP}},
 booktitle = {SIGCOMM},
 year = {2015},
}

@phdthesis{deng:thesis,
 author = {Shuo Deng},
 title = {{Intelligent Network Selection and Energy Reduction for Mobile Devices}},
 school = {Massachusetts Institute of Technology},
 year = {2015},
}

@InProceedings{huang12_mobisys,
  author = 	 {Junxian Huang and Feng Qian and Alexandre Gerber and Z. Morley Mao and Subhabrata Sen and Oliver Spatscheck},
  title = 	 {{A Close Examination of Performance and Power Characteristics of 4G LTE Networks}},
  booktitle = {Mobisys},
  year = 	 {2012},
}

@Misc{ios_mptcp,
    title  = {{iOS: Multipath TCP Support in iOS 7}},
    howpublished = {\url{https://support.apple.com/en-us/HT201373}}
}

@Misc{dl_booster,
    title  = {{Samsung Download Booster}},
    howpublished = {\url{http://www.samsung.com/uk/support/skp/faq/1061358}}
}

@Misc{giga_lte,
    title  = {{KT's GiGA LTE}},
    howpublished = {\url{https://www.ietf.org/proceedings/93/slides/slides-93-mptcp-3.pdf}}
}

@misc{iot_offload,
    author={Pablo Valerio},
    title={Using Carrier WiFi To Offload IoT Networks},
    howpublished={\url{http://goo.gl/aQ15ii}}
}

@InProceedings{xu11_imc,
  author = 	 {Qiang Xu and Jeffrey Erman and Alexandre Gerber and Z. Morley Mao and Jeffrey Pang and Shobha Venkataraman},
  title = 	 {{Identifying Diverse Usage Behaviors of Smartphone Apps}},
  booktitle = {IMC},
  year = 	 {2011},
}

@InProceedings{qian13_conext,
    author = {Feng Qian and Subhabrata Sen and Oliver Spatscheck},
    title = {{Silent TCP Connection Closure for Cellular Networks}},
    year = {2013},
    booktitle = {CoNEXT}
}

@InProceedings{lim15_conext,
    author = {Yeon-sup Lim and Yung-Chih Chen and Erich M. Nahum and Don Towsley and Richard J. Gibbens and Emmanuel Cecchet},
    title = {{Design, Implementation and Evaluation of Energy-Aware Multi-Path TCP}},
    year = {2015},
    booktitle = {CoNEXT}
}

@InProceedings{hesmans15_conext,
    author = {Benjamin Hesmans and Gregory Detal and Sebastien Barre and Raphael Bauduin and Olivier Bonaventure},
    title = {{SMAPP: Towards Smart Multipath TCP-enabled APPlication}},
    year = {2015},
    booktitle = {CoNEXT}
}

@Misc{rfc7540,
    author = {M. Belshe and R. Peon and  M. Thomson},
    title = {{Hypertext Transfer Protocol Version 2 (HTTP/2)}},
    howpublished = {RFC 7540},
    year = {2015}
}

@InProceedings{falaki10_mobisys,
  author = 	 {Hossein Falaki and Ratul Mahajan and Srikanth Kandula and Dimitrios Lymberopoulos and Ramesh Govindan Deborah Estrin},
  title = 	 {{Diversity in Smartphone Usage}},
  booktitle = {Mobisys},
  year = 	 {2010},
}

@InProceedings{qian12_mobisys,
  author = 	 {Feng Qian and Kee Shen Quah and Junxian Huang and Jeffrey Erman and Alexandre Gerber and Z. Morley Mao and Subhabrata Sen and Oliver Spatscheck},
  title = 	 {{Web Caching on Smartphones: Ideal vs. Reality}},
  booktitle = {Mobisys},
  year = {2012},
}

@inproceedings{chen15:mobicom,
 author = {Xiaomeng Chen and Abhilash Jindal and Ning Ding and Y. Charlie Hu and Maruti Gupta and Rath Vannithamby},
 title = {{Smartphone Background Activities in the Wild: Origin, Energy Drain, and Optimization}},
 booktitle = {MobiCom},
 year = {2015},
}

@Misc{phonelab,
    title = {{PhoneLab: A Smartphone Platform Testbed}},
    howpublished = {\texttt{https://phone-lab.org/}}
}

@Misc{shadowsocks,
    title = {{Shadowsocks Socks5 Proxy}},
    howpublished = {\url{https://shadowsocks.org}}
}

@InProceedings{nikravesh15_mobisys,
    author = {Ashkan Nikravesh and Hongyi Yao and Shichang Xu and David Choffnes and Z. Morley Mao},
    title = {{Mobilyzer: An Open Platform for Controllable Mobile Network Measurements}},
    year = {2015},
    booktitle = {Mobisys}
}

@InProceedings{hesmans15:tma,
    author = {B. Hesmans and H. Tran-Viet and R. Sadre and O. Bonaventure},
    title = {{A first look at real Multipath TCP traffic}},
    year = {2015},
    booktitle = {International Workshop on Traffic Monitoring and Analysis}
}

@Misc{socks5,
    author = {M. Leech and M. Ganis and Y. Lee and R. Kuris and D. Koblas and L. Jones},
    title = {{SOCKS Protocol Version 5}},
    howpublished = {RFC 1928},
    year = {1996}
}

@InProceedings{qian15_conext,
    author = {Feng Qian and Vijay Gopalakrishnan and Emir Halepovic and Subhabrata Sen and Oliver Spatscheck},
    title = {{TM3: Flexible Transport-layer Multi-pipe Multiplexing Middlebox Without Head-of-line Blocking}},
    year = {2015},
    booktitle = {CoNEXT}
}

@Misc{opticom,
    title  = {{OPTICOM, PESQ - perceptual evaluation of speech quality}},
    howpublished = {\url{http://www.opticom.de/technology/pesq.php}}
}

@InProceedings{tfo_conext,
    author = {Sivasankar Radhakrishnan and Yuchung Cheng and Jerry Chu and Arvind Jain and Barath Raghavan},
    title = {{TCP Fast Open}},
    year = {2011},
    booktitle = {CoNEXT}
}

@Misc{rfc4960,
    author = {R. Stewart},
    title = {{Stream Control Transmission Protocol}},
    howpublished = {RFC 4960},
    year = {2007}
}

@InProceedings{qian09,
    author = {Feng Qian and Alexandre Gerber and Z. Morley Mao and Subhabrata Sen and Oliver Spatscheck and Walter Willinger},
    title = {{TCP Revisited: A Fresh Look at TCP in the Wild}},
    year = {2009},
    booktitle = {IMC}
}

@InProceedings{xu15,
  author = {Xing Xu and Yurong Jiang and Tobias Flach and Ethan Katz-Bassett and David Choffnes and Ramesh Govindan},
  title =    {{Investigating Transparent Web Proxies in Cellular Networks}},
  year =     {2015},
  booktitle = {PAM}
}

@inproceedings{chen15:sigmetrics,
author = {Chen, Xiaomeng and Ding, Ning and Jindal, Abhilash and Hu, Y. Charlie and Gupta, Maruti and Vannithamby, Rath},
 title = {{Smartphone Energy Drain in the Wild: Analysis and Implications}},
 booktitle = {SIGMETRICS},
 year = {2015},
}

@article{bahl2004reconsidering,
  title={Reconsidering wireless systems with multiple radios},
  author={Bahl, Paramvir and Adya, Atul and Padhye, Jitendra and Walman, Alec},
  journal={ACM SIGCOMM Computer Communication Review},
  year={2004},
}

@inproceedings {deconinck16:pam,
	title = {A First Analysis of Multipath TCP on Smartphones},
	author = {Quentin De Coninck and Matthieu Baerts and Benjamin Hesmans and Olivier Bonaventure},
	publisher = {Springer},
	year = {2016},
	volume = {17},
	month = {March-April},
	booktitle = {17th International Passive and Active Measurements Conference},
}

@article{rahmati_tmc,
  title={Studying Smartphone Usage: Lessons from a Four-Month Field Study},
  author={Ahmad Rahmati and Lin Zhong},
  journal={IEEE Transactions on Mobile Computing},
  volume = {12},
  number={7},
  year={2013},
}

@InProceedings{huang10,
  author = 	 {Junxian Huang and Qiang Xu and Birjodh Tiwana and Z. Morley Mao and Ming Zhang and Paramvir Bahl},
  title = 	 {{Anatomizing Application Performance Differences on Smartphones}},
  booktitle = MOBISYS,
  year = 	 {2010},
}

@InProceedings{huang12_imc,
    author = {Junxian Huang and Feng Qian and Z. Morley Mao and Subhabrata Sen and Oliver Spatscheck},
    title = {{Screen-Off Traffic Characterization and Optimization in 3G/4G Networks}},
    year = {2012},
    booktitle = IMC
}

@InProceedings{rosen15_imc,
    author = {Sanae Rosen and Ashkan Nikravesh and Yihua Guo and Z. Morley Mao and Feng Qian and Subhabrata Sen},
    title = {{Revisiting Network Energy Efficiency of Mobile Apps: Performance in the Wild}},
    year = {2015},
    booktitle = IMC
}

@InProceedings{trat,
  author = {Yin Zhang and Lee Breslau and Vern Paxson and Scott Shenker},
  title =    {{On the Characteristics and Origins of Internet Flow Rates}},
  year =     {2002},
  booktitle = SIGCOMM
}
