%%% Months
@string{JAN = "January"}
@string{FEB = "February"}
@string{MAR = "March"}
@string{APR = "April"}
@string{MAY = "May"}
@string{JUN = "June"}
@string{JUL = "July"}
@string{AUG = "August"}
@string{SEP = "September"}
@string{OCT = "October"}
@string{NOV = "November"}
@string{DEC = "December"}

%%% Journals
@string{PIEEE = "Proceedings of the IEEE"}
@string{IEEEJSAC = "IEEE J. Selected Areas in Communications"}
@string{IEEETN = "IEEE/ACM Trans. Networking"}
@string{IEEETCOM = "IEEE Trans. Communications"}
@string{IEEETIT = "IEEE Trans. Information Theory"}
@string{INTERNETWORK = "Journal of Internetworking: Research and Experience"}
@string{IJDACS = "International Journal on Digital and Analog Communication Systems"}
@string{IJCS = "International Journal on Communication Systems"}
@string{ACMTCS = "ACM Trans. Computer Systems"}
@string{JACM = "J. of the ACM"}
@string{MTA = "Multimedia Tools and Applications"}
@string{CC = "Computer Communications"}
@string{IPJ = "Internet Protocol Journal"}

%%% Magazines
@string{CACM = "Communications of the ACM"}
@string{COMPUTER = "IEEE Computer Magazine"}
@string{IEEECOM = "IEEE Communication Magazine"}
@string{IEEENET = "IEEE Network Magazine"}
@string{CCR = "ACM Computer Communication Review"}

%%% Conferences
@string{INFOCOM = "Proc. IEEE INFOCOM"}
@string{GLOBECOM = "Proc. IEEE GLOBECOM"}
@string{GINET = "Proc. IEEE Global Internet Symposium"}
@string{INET = "Proc. INET"}
@string{SIGCOMM = "Proc. ACM SIGCOMM"}
@string{SIGMETRICS = "Proc. ACM SIGMETRICS"}
@string{HSNMC="Proc. High Speed Networking and Multimedia Computing Symp."}
@string{ICNP = "Proc. International Conference on Network Protocols"}
@string{ICC = "Proc. International Conference on Communications"}
@string{FTCS = "Proc. International Symposium on Fault-Tolerant Computing"}
@string{ITCOM = "Proc. Workshop on Scalability and Traffic Control in IP Networks, SPIE ITCOM Conference"}
@string{IMW = "Proc. ACM SIGCOMM IMW"}
@string{IMC = "Proc. ACM IMC"}
@string{HOTNETS = "Proc. Workshop on Hot Topics in Networks"}
%%%@string{NSDI = "Proc. Symposium on Networked Systems Design and Implementation"}
@string{NSDI = "Proc. NSDI"}
@string{OSDI = "Proc. Operating Systems Design and Implementation"}
@string{MICNET = "Proc. ACM MICNET"}
@string{USENIX = "Proc. of USENIX Security Symposium"}
@string{CCS = "Proc. ACM Computer and Communications Security"}
@string{TRUST = "Proc. Trust and Trustworthy Computing"}
@string{SPSM = "Proc. ACM SPSM"}
@string{NDSS = "Proc. Network and Distributed System Security Symposium"}
@string{IEEESP = "Proc. IEEE Symposium on Security and Privacy"}
@string{MOBICOM = "Proc. ACM MobiCom"}
@string{MOBISYS = "Proc. ACM MobiSys"}
%%% Publishers
@string{AW="Addison-Wesley"}
@string{CP="Cisco Press"}
@string{PH="Prentice Hall"}

@inproceedings{wiscape,
    title={{Can They Hear Me Now?: A Case for a Client-assisted Approach to Monitoring Wide-area Wireless Networks}},
    author={Sen, Sayandeep and Yoon, Jongwon and Hare, Joshua and Ormont, Justin and Banerjee, Suman},
    booktitle=IMC,
    year=2011
}

inproceedings{netalyzr,
    title={{Netalyzr: Illuminating The Edge Network}},
    author={Kreibich, Christian and Weaver, Nicholas and Nechaev, Boris and Paxson, Vern},
    booktitle=IMC,
    year=2010
}

@article{portolan_paper,
    author={Faggiani, A. and Gregori, E. and Lenzini, L. and Luconi, V. and Vecchio, A.},
    journal={Communications Magazine, IEEE},
    title={Smartphone-based crowdsourcing for network monitoring: Opportunities, challenges, and a case study},
    year={2014},
    month={January},
    volume={52},
    number={1}
}

@misc{fcc,
    key={fcc},
    author={FCC},
    title={Measuring Mobile Broadband},
    howpublished={\url{https://www.fcc.gov/measuring-broadband-america/mobile}}
}

@misc{ooklaspeedtest,
    key={ooklaspeedtest},
    author={Ookla},
    title={Ookla Speedtest Mobile Apps},
    howpublished={\url{http://www.speedtest.net/mobile/}}
}


@TechReport{tech-report-mobilyzer,
  author = 	 {Ashkan Nikravesh and Hongyi Yao and Shichang Xu and David Choffnes and Z. Morley Mao},
  title = 	 {{Mobilyzer: An Open Platform for Principled Mobile Network Measurements}},
  institution =  {University of Michigan},
  year = 	 {2014},
  OPTkey = 	 {},
  OPTtype = 	 {},
  OPTnumber = 	 {},
  OPTaddress = 	 {},
  OPTmonth = 	 {},
  note = 	 {\url{http://www.eecs.umich.edu/~zmao/Papers/Mobilyzer.pdf}},
  OPTannote = 	 {}
}

@InProceedings{shepard10,
  author = 	 {Clayton Shepard and Ahmad Rahmati and Chad Tossell and Lin Zhong and Phillip Kortum},
  title = 	 {{LiveLab: Measuring Wireless Networks and Smartphone Users in the Field}},
  booktitle = {HotMetrics},
  year = 	 {2010},
}
@article{sodagar2011mpeg,
  title={The mpeg-dash standard for multimedia streaming over the internet},
  author={Sodagar, Iraj},
  journal={IEEE MultiMedia},
  number={4},
  pages={62--67},
  year={2011},
  publisher={IEEE}
}
