@Misc{cnet_smartwatch,
  title = {{Smartwatches now more popular than Swiss watches}},
  howpublished = {\texttt{https://www.cnet.com/news/smartwatches-now-\\more-popular-than-swiss-watches-thanks-\\largely-to-apple/}}
}

@Misc{swiss_watch1,
  title = {{The Swiss and world watchmaking industry in 2015}},
  howpublished = {\texttt{http://www.fhs.swiss/file/59/Watchmaking_2015.pdf}}
}

@Misc{swiss_watch2,
  title = {{Swiss watchmaking in March 2016 -- Steep decline}},
  howpublished = {\texttt{http://www.fhs.swiss/scripts/getstat.php?file=comm_160303_a.pdf}}
}

@Misc{android_wear_complication,
  title = {{Android Watch Face Complications}},
  howpublished = {\texttt{https://developer.android.com/wear/preview/\\features/complications.html}}
}

@Misc{android_doze,
  title = {{Optimizing for Doze and App Standby}},
  howpublished = {\texttt{https://developer.android.com/training/\\monitoring-device-state/doze-standby.html}}
}

@Misc{android_notification,
  title = {{Android Notifications}},
  howpublished = {\texttt{https://developer.android.com/guide/topics/\\ui/notifiers/notifications.html}}
}

@Misc{android_sending_data_to_watch,
  title = {{Sending and Syncing Data with Watch}},
  howpublished = {\texttt{https://developer.android.com/training/\\wearables/data-layer/index.html}}
}

@Misc{ble_book,
    author = {Naresh Gupta},
    title = {{Inside Bluetooth Low Energy}},
    howpublished = {Arech House},
    year = {2013}
}

@Misc{bt_spec,
    title = {{Specification of the Bluetooth System (Core Specification)}},
    howpublished = {\texttt{https://www.bluetooth.com/specifications/\\adopted-specifications}},
    year = {2014}
}

@Misc{bt_rfcomm,
    title = {{RFCOMM WITH TS 07.10}},
    howpublished = {\texttt{https://www.bluetooth.org/docman/handlers/\\DownloadDoc.ashx?doc\_id=40909}},
    year = {2012}
}

@InProceedings{zhang10,
  author    = {Lide Zhang and Birjodh Tiwana and Zhiyun Qian and Zhaoguang Wang and Robert Dick and Z. Morley Mao and Lei Yang},
  title     = {{Accurate Online Power Estimation and Automatic Battery Behavior Based Power Model Generation for Smartphones}},
  booktitle = {CODES+ISSS},
  year      = {2010},
}

@InProceedings{pathak11_eurosys,
  author = 	 {Abhinav Pathak and Y. Charlie Hu and Ming Zhang and Paramvir Bahl and Yi-Min Wang},
  title = 	 {{Fine-grained power modeling for smartphones using system call tracing}},
  booktitle = {EuroSys},
  year = 	 2011,
}

@InProceedings{pathak12_eurosys,
  author = 	 {Abhinav Pathak and Y. Charlie Hu and Ming Zhang},
  title = 	 {{Where is the energy spent inside my app?: fine grained energy accounting on smartphones with Eprof}},
  booktitle = {EuroSys},
  year = 	 2012,
}

@Misc{monsoon,
    title = {{Monsoon Power Monitor}},
    howpublished = {\texttt{https://www.msoon.com/LabEquipment/\\PowerMonitor/}},
}

@InProceedings{qian12_www,
  author = 	 {Feng Qian and Zhaoguang Wang and Yudong Gao and Junxian Huang and Alexandre Gerber and Z. Morley Mao and Subhabrata Sen and Oliver Spatscheck},
  title = 	 {{Periodic Transfers in Mobile Applications: Network-wide Origin, Impact, and Optimization}},
  booktitle = {WWW},
  year = 	 {2012},
}

@InProceedings{fengyuanxu13_mobisys,
  author = 	 {Fengyuan Xu and Yunxin Liu and Thomas Moscibroda and Ranveer Chandra and Long Jin and Yongguang Zhang and Qun Li},
  title = 	 {{Optimizing Background Email Sync on Smartphones}},
  booktitle = {MobiSys},
  year = 	 2013,
}

@InProceedings{liu16_mobisys,
  author = 	 {Renju Liu and Felix Xiaozhu Lin},
  title = 	 {{Understanding the Characteristics of Android Wear OS}},
  booktitle = {MobiSys},
  year = 	 2016,
}

@InProceedings{liu15_apsys,
  author = 	 {Renju Liu and Lintong Jiang and Ningzhe Jiang and Felix Xiaozhu Lin},
  title = 	 {{Anatomizing System Activities on Interactive Wearable Devices}},
  booktitle = {APSys},
  year = 	 2015,
}

@InProceedings{dong09_dac,
  author = 	 {Mian Dong and Yung-Seok Kevin Choi and Lin Zhong},
  title = 	 {{Power Modeling of Graphical User Interfaces on OLED Displays}},
  booktitle = {DAC},
  year = 	 2009,
}

@InProceedings{dong11_mobisys,
  author = 	 {Mian Dong and Lin Zhong},
  title = 	 {{Chameleon: A Color-Adaptive Web Browser for Mobile OLED Displays}},
  booktitle = {MobiSys},
  year = 	 2011,
}

@InProceedings{dong09_ISLPED,
  author = 	 {Mian Dong and Yung-Seok Kevin Choi and Lin Zhong},
  title = 	 {{Power-Saving Color Transformation of Mobile Graphical User Interfaces on OLED-based Displays}},
  booktitle = {ISLPED},
  year = 	 2009,
}

@InProceedings{likamwa13_apsys,
  author	= {LiKamWa, Robert and Wang, Zhen and Carroll, Aaron and Lin,
		  Felix Xiaozhu and Zhong, Lin},
  title		= {Draining Our Glass: An Energy and Heat Characterization of
		  Google Glass},
  booktitle	= {APSys},
  year = 2014,
}


@inproceedings{min15_iswc,
 author = {Min, Chulhong and Kang, Seungwoo and Yoo, Chungkuk and Cha, Jeehoon and Choi, Sangwon and Oh, Younghan and Song, Junehwa},
 title = {Exploring Current Practices for Battery Use and Management of Smartwatches},
 booktitle = {ISWC},
 year = {2015},
}

@inproceedings{gouveia15_ubicomp,
 author = {Ruben Gouveia and Evangelos Karapanos and Marc Hassenzahl},
 title = {How Do We Engage With Activity Trackers? A Longitudinal Study of Habito},
 booktitle = {UbiComp},
 year = {2015},
}

@inproceedings{lazar15_ubicomp,
 author = {Amanda Lazar and Christian Koehler and Joshua Tanenbaum and David H. Nguyen},
 title = {Why We Use and Abandon Smart Devices},
 booktitle = {UbiComp},
 year = {2015},
}


@inproceedings {huang15_atc,
author = {Jian Huang and Anirudh Badam and Ranveer Chandra and Edmund B. Nightingale},
title = {WearDrive: Fast and Energy-Efficient Storage for Wearables},
booktitle = {USENIX ATC},
year = {2015},
}

@InProceedings{santagati15_mobisys,
  author = 	 {G. Enrico Santagati and Tommaso Melodia},
  title = 	 {{U-Wear: Software-Defined Ultrasonic Networking for Wearable Devices}},
  booktitle = {MobiSys},
  year = 	 2015,
}

@Misc{apple_smartwatch_guideline,
  title = {{Apple watch human interface guidelines}},
  howpublished = {\texttt{https://developer.apple.com/watchos/human-\\interface-guidelines/overview/}}
}

@Misc{google_smartwatch_guideline,
  title = {{UI patterns for android wear}},
  howpublished = {\texttt{https://developer.android.com/design/wear/\\patterns.html}}
}

@Misc{samsung_smartwatch_guideline,
  title = {{Samsung Gear Application Programming Guide}},
  howpublished = {\texttt{http://img-developer.samsung.com/contents/\\cmm/Samsung\_Gear\_Application\_Programming\_\\Guide\_1.0.pdf}}
}

@inproceedings{lyons15_iswc,
 author = {Kent Lyons},
 title = {What Can a Dumb Watch Teach a Smartwatch? Informing the Design of Smartwatches},
 booktitle = {ISWC},
 year = {2015},
}

@inproceedings{plaumann16_iswc,
 author = {Katrin Plaumann and Michael Muller and Enrico Rukzio},
 title = {CircularSelection: Optimizing List Selection for Smartwatches},
 booktitle = {ISWC},
 year = {2016},
}

@inproceedings{chen14_chi,
 author = {Xiang Chen and Tovi Grossman and Daniel Wigdor and George Fitzmaurice},
 title = {Duet: Exploring Joint Interactions on a Smart Phone and a Smart Watch},
 booktitle = {ACM CHI},
 year = {2014},
}

@inproceedings{wang15_mobicom,
 author = {He Wang and Ted TsungTe Lai and Romit Roy Choudhury },
 title = {MoLe: Motion Leaks through Smartwatch Sensors},
 booktitle = {MobiCom},
 year = {2015},
}

@inproceedings{liu15_ccs,
 author = {Xiangyu Liu and Zhe Zhou and Wenrui Diao and Zhou Li and Kehuan Zhang},
 title = {When Good Becomes Evil: Keystroke Inference with Smartwatch},
 booktitle = {CCS},
 year = {2015},
}

@inproceedings{shen16_mobisys,
 author = {Sheng Shen and He Wang and Romit Roy Choudhury},
 title = {I am a Smartwatch and I can Track my User's Arm},
 booktitle = {MobiSys},
 year = {2016},
}

@inproceedings{nirjon15_mobisys,
 author = {Shahriar Nirjon and Jeremy Gummeson and Dan Gelb and Kyu-Han Kim},
 title = {TypingRing: A Wearable Ring Platform for Text Input},
 booktitle = {MobiSys},
 year = {2015},
}

@inproceedings{mayberry14_mobisys,
 author = {Addison Mayberry and Pan Hu and Benjamin Marlin and Christopher Salthouse and Deepak Ganesan},
 title = {iShadow: Design of a Wearable, Real-Time Mobile Gaze Tracker},
 booktitle = {MobiSys},
 year = {2014},
}

@inproceedings{miao16_hotmobile,
 author = {Hongyu Miao and Felix Xiaozhu Lin},
 title = {Tell Your Graphics Stack That the Display Is Circular},
 booktitle = {HotMobile},
 year = {2016},
}

@inproceedings{ham15_atc,
 author = {MyungJoo Ham and Inki Dae and Chanwoo Choi},
 title = {LPD: Low Power Display Mechanism for Mobile and Wearable Devices},
 booktitle = {Usenix ATC},
 year = {2015},
}

@misc{aw2_preview3,
  title = {Android Wear 2.0 Developer Preview 3: Play Store and More},
  howpublished = {\texttt{http://android-developers.blogspot.com/\\2016/09/android-wear-2-0-developer-preview-\\3-play-store-and-more.html}}
}


@inproceedings{poyraz_iiswc16,
 author = {Emirhan Poyraz and Gokhan Memik},
 title = {Analyzing Power Consumption and Characterizing User Activities on Smartwatches: Summary},
 booktitle = {IEEE International Symposium on Workload Characterization (IISWC)},
 year = {2016},
}
