@misc{VRARusers,
	Howpublished = {\url{https://www.statista.com/statistics/1017008/united-states-vr-ar-users/}},
	Title = {{Number of virtual reality (VR) and augmented reality (AR) users in the United States}}}

@misc{wearableusers,
	Howpublished = {\url{https://www.statista.com/statistics/543070/number-of-wearable-users-in-the-us/}},
	Title = {{Number of wearable device users in the United States}}}

@misc{museum,
	Howpublished = {\url{https://assetstore.unity.com/packages/3d/environments/museum-vr-complete-edition-89652}},
	Title = {{Museum Unity Asset}}}

@misc{office,
	Howpublished = {\url{https://assetstore.unity.com/packages/3d/environments/urban/qa-office-and-security-room-114109}},
	Title = {{Office Unity Asset}}}

@misc{rift,
	Howpublished = {\url{https://www.oculus.com/rift-s/}},
	Title = {{Oculus Rift}}}

@misc{tc,
	Howpublished = {\url{http://man7.org/linux/man-pages/man8/tc.8.html}},
	Title = {{Linux TC}}}

@misc{triphazard,
	Howpublished = {\url{https://www.cnn.com/2017/12/13/health/virtual-reality-vr-dangers-safety/index.html}},
	Title = {{The very real health dangers of virtual reality}}}

@misc{byodref,
	Howpublished = {\url{https://www.forbes.com/sites/larryalton/2017/03/27/how-important-is-a-byod-policy-5-strategies-for-millennials/}},
	Title = {{BYOD Popularity}}}

@misc{google-cardboard,
	Howpublished = {\url{https://vr.google.com/cardboard/}},
	Title = {{Google Cardboard}}}

@misc{vr-controller,
	Howpublished = {\url{https://www.amazon.com/VR-Bluetooth-Controller-Kasonic-Smartphones/dp/B01E7Z72NQ/}},
	Title = {{Bluetooth VR controller}}}

@misc{samsung-gear-vr,
	Howpublished = {\url{https://www.samsung.com/global/galaxy/gear-vr/}},
	Title = {{Samsung Gear VR}}}

@misc{motionsickness,
	Howpublished = {\url{https://www.qualcomm.com/news/onq/2016/06/29/keeping-virtual-world-stable-vr}},
	Title = {{Keeping the virtual world stable in VR}}}


@inproceedings{movr,
	title={Cutting the cord in virtual reality},
	author={Abari, Omid and Bharadia, Dinesh and Duffield, Austin and Katabi, Dina},
	booktitle={Proceedings of the 15th ACM Workshop on Hot Topics in Networks},
	pages={162--168},
	year={2016},
	organization={ACM}
}

@misc{encodeoptimization1,
	Howpublished = {{\url{https://medium.com/netflix-techblog/per-title-encode-optimization-7e99442b62a2}}},
	Title = {{Per-Title Encode Optimization.}}
}

@misc{encodeoptimization2,
	Howpublished = {{\url{https://bitmovin.com/per-title-encoding/}}},
	Title = {{What Is Per-Title Encoding?}}
}

@misc{mediacodec,
	Howpublished = {{\url{https://developer.android.com/reference/android/media/MediaCodec.html}}},
	Title = {{Android MediaCodec API}}
}

@misc{unityshader,
	Howpublished = {\mbox{\url{https://docs.unity3d.com/Manual/SL-Reference.html}}},
	Title = {{Unity Shader Reference}}
}

@misc{blender,
	Howpublished = {\mbox{\url{https://www.blender.org/}}},
	Title = {{Blender}}
}

@misc{equirectangular,
	Howpublished = {{\url{http://mathworld.wolfram.com/EquirectangularProjection.html}}},
	Title = {{Equirectangular Projection}}
}

@misc{vr_gaming,
	Howpublished = {{\url{https://www.logicalincrements.com/articles/vrguide}}},
	Title = {{How to Build a PC for Virtual Reality}}
}

@misc{hou2019predictive,
	title={Predictive Scheduling for Virtual Reality},
	author={I-Hong Hou and Narges Zarnaghi Naghsh and Sibendu Paul and Y. Charlie Hu and Atilla Eryilmaz},
	year={2019},
	eprint={1912.12672},
	archivePrefix={arXiv},
	primaryClass={cs.NI}
}

@inproceedings{satyanarayanan2019computing,
	title={The computing landscape of the 21st century},
	author={Satyanarayanan, Mahadev and Gao, Wei and Lucia, Brandon},
	booktitle={Proceedings of the 20th International Workshop on Mobile Computing Systems and Applications},
	pages={45--50},
	year={2019}
}

@inproceedings{liu2019supporting,
	title={Supporting untethered multi-user VR over enterprise wi-fi},
	author={Liu, Xing and Vlachou, Christina and Qian, Feng and Kim, Kyu-Han},
	booktitle={Proceedings of the 29th ACM Workshop on Network and Operating Systems Support for Digital Audio and Video},
	pages={25--30},
	year={2019}
}

@inproceedings{boos2016flashback,
	title={Flashback: Immersive virtual reality on mobile devices via rendering memoization},
	author={Boos, Kevin and Chu, David and Cuervo, Eduardo},
	booktitle={Proceedings of the 14th Annual International Conference on Mobile Systems, Applications, and Services},
	pages={291--304},
	year={2016},
	organization={ACM}
}

@inproceedings{abari2017enabling,
  title={Enabling high-quality untethered virtual reality},
  author={Abari, Omid and Bharadia, Dinesh and Duffield, Austin and Katabi, Dina},
  booktitle={14th $\{$USENIX$\}$ Symposium on Networked Systems Design and Implementation ($\{$NSDI$\}$ 17)},
  pages={531--544},
  year={2017}
}

@article{lai2019furion,
	title={Furion: Engineering high-quality immersive virtual reality on today's mobile devices},
	author={Lai, Zeqi and Hu, Y Charlie and Cui, Yong and Sun, Linhui and Dai, Ningwei and Lee, Hung-Sheng},
	journal={IEEE Transactions on Mobile Computing},
	year={2019},
	publisher={IEEE}
}

@inproceedings{he2018rubiks,
	title={Rubiks: Practical 360-degree streaming for smartphones},
	author={He, Jian and Qureshi, Mubashir Adnan and Qiu, Lili and Li, Jin and Li, Feng and Han, Lei},
	booktitle={Proceedings of the 16th Annual International Conference on Mobile Systems, Applications, and Services},
	pages={482--494},
	year={2018},
	organization={ACM}
}

@inproceedings{qian2018flare,
	title={Flare: Practical viewport-adaptive 360-degree video streaming for mobile devices},
	author={Qian, Feng and Han, Bo and Xiao, Qingyang and Gopalakrishnan, Vijay},
	booktitle={Proceedings of the 24th Annual International Conference on Mobile Computing and Networking},
	pages={99--114},
	year={2018},
	organization={ACM}
}

@inproceedings{bao2016shooting,
	title={Shooting a moving target: Motion-prediction-based transmission for 360-degree videos},
	author={Bao, Yanan and Wu, Huasen and Zhang, Tianxiao and Ramli, Albara Ah and Liu, Xin},
	booktitle={2016 IEEE International Conference on Big Data (Big Data)},
	pages={1161--1170},
	year={2016},
	organization={IEEE}
}

@inproceedings{qian2016optimizing,
	title={Optimizing 360 video delivery over cellular networks},
	author={Qian, Feng and Ji, Lusheng and Han, Bo and Gopalakrishnan, Vijay},
	booktitle={Proceedings of the 5th Workshop on All Things Cellular: Operations, Applications and Challenges},
	pages={1--6},
	year={2016},
	organization={ACM}
}

@inproceedings{li2018muvr,
  title={MUVR: Supporting multi-user mobile virtual reality with resource constrained edge cloud},
  author={Li, Yong and Gao, Wei},
  booktitle={2018 IEEE/ACM Symposium on Edge Computing (SEC)},
  pages={1--16},
  year={2018},
  organization={IEEE}
}

@inproceedings{liu2018cutting,
  title={Cutting the cord: Designing a high-quality untethered vr system with low latency remote rendering},
  author={Liu, Luyang and Zhong, Ruiguang and Zhang, Wuyang and Liu, Yunxin and Zhang, Jiansong and Zhang, Lintao and Gruteser, Marco},
  booktitle={Proceedings of the 16th Annual International Conference on Mobile Systems, Applications, and Services},
  pages={68--80},
  year={2018},
  organization={ACM}
}

@inproceedings{shi2019freedom,
  title={Freedom: Fast Recovery Enhanced VR Delivery Over Mobile Networks},
  author={Shi, Shu and Gupta, Varun and Jana, Rittwik},
  booktitle={Proceedings of the 17th Annual International Conference on Mobile Systems, Applications, and Services},
  pages={130--141},
  year={2019},
  organization={ACM}
}

@inproceedings{xie2017poi360,
  title={Poi360: Panoramic mobile video telephony over lte cellular networks},
  author={Xie, Xiufeng and Zhang, Xinyu},
  booktitle={Proceedings of the 13th International Conference on emerging Networking EXperiments and Technologies},
  pages={336--349},
  year={2017},
  organization={ACM}
}

@inproceedings{tan2018vr,
    title = {{Enabling Mobile VR in LTE Networks: How Close Are We?}},
    author = {Zhaowei Tan and Yuanjie Li and Qianru Li and Zhehui Zhang and Zhehan Li and Songwu Lu},
    booktitle = {Proceedings of SIGMETRICS 2018},
    year = {2018},
    organization = {ACM}
}

@inproceedings{xu2019analyzing,
  title={Analyzing viewport prediction under different VR interactions},
  author={Xu, Tan and Han, Bo and Qian, Feng},
  booktitle={Proceedings of the 15th International Conference on Emerging Networking Experiments And Technologies},
  pages={165--171},
  year={2019}
}

@inproceedings{hou2018predictive,
    title = {{Predictive View Generation to Enable Mobile 360-degree and VR Experiences}},
    author = {Xueshi Hou and Sujit Dey and Jianzhong Zhang and Madhukar Budagavi},
    booktitle = {Proceedings of the Workshop on Virtual Reality and Augmented Reality Network},
    pages = {20--26},
    year = {2018},
    organization = {ACM}
}

@inproceedings{fan2017fixation,
    title = {{Fixation Prediction for 360 Video Streaming in Head-Mounted Virtual Reality}},
    author = {Fan, Ching-Ling and Lee, Jean and Lo, Wen-Chih and Huang, Chun-Ying and Chen, Kuan-Ta and Hsu, Cheng-Hsin},
    booktitle = {Proceedings of the Workshop on Network and Operating Systems Support for Digital Audio and Video},
    pages = {67--72},
    year = {2017},
    organization = {ACM}
}

@inproceedings{bao2017motion,
  title={Motion-prediction-based multicast for 360-degree video transmissions},
  author={Bao, Yanan and Zhang, Tianxiao and Pande, Amit and Wu, Huasen and Liu, Xin},
  booktitle={2017 14th Annual IEEE International Conference on Sensing, Communication, and Networking (SECON)},
  pages={1--9},
  year={2017},
  organization={IEEE}
}

@inproceedings{satyanarayanan2019computing,
  title={The computing landscape of the 21st century},
  author={Satyanarayanan, Mahadev and Gao, Wei and Lucia, Brandon},
  booktitle={Proceedings of the 20th International Workshop on Mobile Computing Systems and Applications},
  pages={45--50},
  year={2019},
  organization={ACM}
}


@inproceedings{mao2017neural,
    title = {{Neural Adaptive Video Streaming with Pensieve}},
    author = {Mao, Hongzi and Netravali, Ravi and Alizadeh, Mohammad},
    booktitle = {Proceedings of {SIGCOMM} 2017},
    pages = {197--210},
    year = {2017},
    organization = {ACM}
}


@inproceedings{jiang2012improving,
    title = {{Improving Fairness, Efficiency, and Stability in HTTP-Based Adaptive Video Streaming With Festive}},
    author = {Jiang, Junchen and Sekar, Vyas and Zhang, Hui},
    booktitle = {Proceedings of {CoNEXT} 2012},
    pages = {97--108},
    year = {2012},
    organization = {ACM}
}


@inproceedings{huang2014buffer,
    title = {{A Buffer-Based Approach to Rate Adaptation: Evidence from a Large Video Streaming Service}},
    author = {Huang, Te-Yuan and Johari, Ramesh and McKeown, Nick and Trunnell, Matthew and Watson, Mark},
    booktitle = {Proceedings of {SIGCOMM} 2014},
    pages = {187--198},
    year = {2014},
    organization = {ACM}
}


@inproceedings{yin2015control,
    title = {{A Control-Theoretic Approach for Dynamic Adaptive Video Streaming over HTTP}},
    author = {Yin, Xiaoqi and Jindal, Abhishek and Sekar, Vyas and Sinopoli, Bruno},
    booktitle = {Proceedings of {SIGCOMM} 2015},
    pages = {325--338},
    year = {2015},
    organization = {ACM}
}


@Misc{cubemap,
    title = {{Google AR and VR: Bringing pixels front and center in VR video}},
    howpublished = {\url{https://blog.google/products/google-ar-vr/bringing-pixels-front-and-center-vr-video/}}
}


@Misc{pyramid,
    title = {{Next-generation video encoding techniques for 360 video and VR}},
    howpublished = {\url{https://code.fb.com/virtual-reality/next-generation-video-encoding-techniques-for-360-video-and-vr/}}
}

@inproceedings{yu2015framework,
    title = {A framework to evaluate omnidirectional video coding schemes},
    author = {Yu, Matt and Lakshman, Haricharan and Girod, Bernd},
    booktitle = {Proceedings of the Symposium on Mixed and Augmented Reality (ISMAR) 2015},
    pages = {31--36},
    year = {2015},
    organization = {IEEE}
}

@inproceedings{zhao2017estimating,
  title={Estimating the motion-to-photon latency in head mounted displays},
  author={Zhao, Jingbo and Allison, Robert S and Vinnikov, Margarita and Jennings, Sion},
  booktitle={2017 IEEE Virtual Reality (VR)},
  pages={313--314},
  year={2017},
  organization={IEEE}
}

@inproceedings{zhang2018cars,
  title={CARS: collaborative augmented reality for socialization},
  author={Zhang, Wenxiao and Han, Bo and Hui, Pan and Gopalakrishnan, Vijay and Zavesky, Eric and Qian, Feng},
  booktitle={Proceedings of the 19th International Workshop on Mobile computing Systems \& Applications},
  pages={25--30},
  year={2018},
  organization={ACM}
}

@inproceedings{qiu2018avr,
  title={AVR: Augmented vehicular reality},
  author={Qiu, Hang and Ahmad, Fawad and Bai, Fan and Gruteser, Marco and Govindan, Ramesh},
  booktitle={Proceedings of the 16th Annual International Conference on Mobile Systems, Applications, and Services},
  pages={81--95},
  year={2018},
  organization={ACM}
}

@inproceedings{ran2019sharear,
  title={ShareAR: Communication-Efficient Multi-User Mobile Augmented Reality},
  author={Ran, Xukan and Slocum, Carter and Gorlatova, Maria and Chen, Jiasi},
  booktitle={Proceedings of the 18th ACM Workshop on Hot Topics in Networks},
  pages={109--116},
  year={2019}
}

@inproceedings{afzal2017characterization,
  title={Characterization of 360-degree videos},
  author={Afzal, Shahryar and Chen, Jiasi and Ramakrishnan, KK},
  booktitle={Proceedings of the Workshop on Virtual Reality and Augmented Reality Network},
  pages={1--6},
  year={2017},
  organization={ACM}
}
